2648 4560
542 314 699 377 ..49-

158 453 322 528 gerentem,
338 446 416 526 stylo
431 453 550 527 arrepto
572 447 635 527 ipse
656 448 794 528 depinxit
808 457 838 510 et
855 468 951 512 cornu
972 448 1085 513 mobile

157 574 220 617 esse
233 562 310 617 nutu
325 553 513 634 significavit.
530 554 595 617 lloc
607 562 710 618 autem
728 575 791 618 non
807 576 1028 638 supervacuum
1042 566 1086 622 est

158 664 396 726 animadvertere
418 682 453 725 ea
475 662 628 738 animalia,
662 663 687 726 si
705 684 774 727 vere
793 665 867 741 sint,
898 666 996 729 Plinio
1015 667 1086 748 qui-

159 771 229 834 dem
242 776 421 845 memorata,
437 769 469 831 in
484 770 692 833 remotissimis
705 771 807 852 Libyae
821 772 917 853 plagis
933 775 1041 836 vivere.

197 878 272 958 Quis
284 877 417 941 Plinium
431 896 493 940 non
513 877 700 940 fabulantem
716 879 888 955 crediderit,
906 900 1005 962 quum
1022 899 1087 944 nar-

158 995 222 1050 rat:
247 985 470 1051 «Crocodilum
494 991 631 1048 saturum
655 985 725 1048 cibo
749 987 891 1068 piscium,
914 997 944 1050 et
969 1008 1088 1070 semper

157 1097 311 1159 esculento
326 1113 388 1169 ore,
403 1094 435 1156 in
454 1094 555 1156 littore
569 1112 677 1156 somno
698 1094 813 1171 datum,
827 1113 919 1177 parva
932 1096 1003 1172 avis,
1020 1117 1088 1180 quae

159 1204 310 1284 trocbylos
330 1202 372 1264 ibi
400 1209 536 1276 vocatur,
560 1201 667 1263 invitat
686 1200 724 1263 ad
747 1202 905 1277 hiandum,
921 1204 1026 1284 pabuli
1041 1224 1076 1268 su

157 1313 261 1393 gratia,
277 1331 311 1375 os
322 1311 458 1394 primum
472 1311 536 1389 eJus
553 1310 692 1372 assultim
705 1329 883 1392 repurgans,
899 1313 1089 1376 mordentes

158 1429 188 1483 et
202 1421 283 1483 intus
296 1417 629 1502 lauces...(t)nlliginti
642 1417 704 1480 fere
714 1427 784 1499 post
794 1419 904 1482 saecula
918 1419 1088 1500 Stephanus

158 1530 314 1594 Gaorraor
335 1527 576 1604 Satur-littura,
607 1525 787 1608 reipublicae
817 1526 1033 1608 imperatorem
1056 1528 1087 1590 in

158 1637 322 1718 AEgyptum
336 1644 466 1711 secutus,
483 1636 542 1698 hoc
553 1635 634 1699 idem
647 1635 749 1717 ipsum
762 1635 838 1697 vidit
850 1655 885 1698 ac
894 1635 1022 1698 miratus
1032 1647 1085 1699 est.

159 1747 312 1811 Necunus
326 1746 410 1822 vidit,
431 1746 482 1808 sed
499 1744 692 1826 stupentibus
717 1744 891 1820 comitibus,
914 1746 952 1808 ad
975 1764 1088 1826 augen-

159 1853 230 1915 dam
241 1852 398 1915 memoriae
420 1850 524 1930 fidem,
548 1850 640 1913 simul
663 1859 692 1914 et
716 1852 755 1914 ad
775 1851 975 1933 reparandam
997 1851 1088 1914 Plinii

159 1962 292 2037 laudern,
308 1959 454 2025 ostendit!

197 2069 260 2134 Nec
266 2070 369 2133 minus
382 2069 470 2133 utilia
479 2070 516 2132 dc
526 2068 752 2151 plantisretulit
763 2078 865 2133 noster
872 2087 882 2151 ;
898 2089 994 2153 quum
1006 2071 1088 2133 enim

160 2177 274 2242 indicet
304 2192 372 2260 quae
403 2195 477 2258 gens
508 2177 740 2240 cinnamomum
778 2178 872 2260 legat,
907 2177 994 2241 licuit
1024 2181 1089 2241 viro

160 2284 334 2347 doctissimo
356 2285 471 2348 Rouana
498 2284 595 2345 multa
620 2283 728 2346 itinera
752 2303 888 2362 emenso,
917 2284 1090 2349 felicissime

160 2393 371 2473 Cinamolegos
397 2411 454 2474 pro
471 2391 664 2473 Cynamolgis
684 2392 887 2473 interpretari,
913 2394 1017 2476 sicque
1035 2415 1089 2477 pa-

161 2501 249 2564 triam
262 2500 334 2563 huic
348 2501 465 2582 populo
479 2517 565 2561 suam
579 2499 690 2562 erranti
711 2517 766 2581 per
779 2506 874 2563 totam
889 2499 1015 2582 Libyam
1030 2524 1090 2566 res

162 2611 278 2675 tituere.

199 2719 240 2781 lis
254 2736 338 2781 nunc
352 2717 543 2781 documentis
559 2715 671 2791 iratus,
692 2716 850 2796 sigillatim
864 2719 1001 2781 evolvere
1015 2719 1089 2801 quid

160 2827 289 2890 Romani
298 2825 336 2889 de
344 2821 437 2908 Libya
451 2834 561 2889 notum
574 2824 738 2888 habuerint
760 2825 952 2906 incipiamus.
969 2828 1089 2906 Quum-

165 2954 220 3017 que
235 2934 450 3010 tribusmodiS,
460 2944 595 3016 utsupra
605 2933 677 3008 dixi,
693 2934 793 3014 Libyae
805 2936 887 3015 apud
901 2956 952 2999 eos
965 2956 1089 3018 geogra-

163 3038 530 3125 phiaprolecerit,triplcx
546 3041 635 3104 nobis
644 3040 715 3103 inde
723 3040 875 3118 studium;
891 3043 1006 3124 Polybii
1019 3065 1090 3110 con-

163 3158 306 3229 iectores,
319 3151 538 3215 occidentalem
552 3165 638 3213 oram
648 3151 804 3226 obeamus;
820 3151 934 3213 ducum
944 3161 973 3214 et
983 3156 1090 3236 explo-

163 3267 297 3323 ratorum
311 3256 443 3340 vestigiis
463 3260 628 3334 instantes,
654 3257 812 3321 interiores
834 3267 927 3322 terras
942 3259 1092 3340 ingredia·

163 3382 253 3439 mur3
285 3369 470 3449 populorum
499 3365 692 3430 commerciis
714 3371 744 3427 et
766 3365 960 3431 societatibus
974 3388 1091 3430 assues-

163 3484 274 3554 centes,
289 3493 395 3539 eorum
407 3494 507 3539 mores
520 3476 551 3538 et
564 3474 747 3538 industriam
761 3474 948 3539 ediscamus!

202 3715 238 3787 (l)
261 3716 371 3784 Plinius,
388 3732 445 3785 rut,
461 3718 504 3772 37.
