<?xml version="1.0" encoding="UTF-8"?>
<!DOCTYPE html PUBLIC "-//W3C//DTD XHTML 1.0 Transitional//EN"
    "http://www.w3.org/TR/xhtml1/DTD/xhtml1-transitional.dtd">
<html xmlns="http://www.w3.org/1999/xhtml" xml:lang="en" lang="en">
 <head>
  <title>
</title>
<meta http-equiv="Content-Type" content="text/html;charset=utf-8" />
  <meta name='ocr-system' content='tesseract 3.04.00' />
  <meta name='ocr-capabilities' content='ocr_page ocr_carea ocr_par ocr_line ocrx_word'/>
</head>
<body>
  <div class='ocr_page' id='page_1' title='image "./quidlibycaegeog00michgoog_0014.png"; bbox 0 0 2648 4560; ppageno 0'>
   <div class='ocr_carea' id='block_1_1' title="bbox 240 814 1091 989">
    <p class='ocr_par' dir='ltr' id='par_1_1' title="bbox 240 814 1091 989">
     <span class='ocr_line' id='line_1_1' title="bbox 240 814 1091 883; baseline -0.004 0"><span class='ocrx_word' id='word_1_1' title='bbox 240 816 285 883; x_wconf 82' lang='lat' dir='ltr'><strong>m</strong></span> <span class='ocrx_word' id='word_1_2' title='bbox 308 814 401 883; x_wconf 84' lang='lat' dir='ltr'><strong>Purrn</strong></span> <span class='ocrx_word' id='word_1_3' title='bbox 423 834 541 883; x_wconf 83' lang='lat' dir='ltr'><strong>nermo</strong></span> <span class='ocrx_word' id='word_1_4' title='bbox 559 833 595 882; x_wconf 86' lang='lat' dir='ltr'><strong>rr</strong></span> <span class='ocrx_word' id='word_1_5' title='bbox 615 832 795 882; x_wconf 74' lang='lat' dir='ltr'><strong>locrenses</strong></span> <span class='ocrx_word' id='word_1_6' title='bbox 815 814 955 882; x_wconf 79' lang='lat' dir='ltr'><strong>rubrum</strong></span> <span class='ocrx_word' id='word_1_7' title='bbox 977 832 1091 882; x_wconf 84' lang='lat' dir='ltr'><strong>nrscnr-</strong></span> 
     </span>
     <span class='ocr_line' id='line_1_2' title="bbox 613 941 719 989; baseline 0.019 -2"><span class='ocrx_word' id='word_1_8' title='bbox 613 941 719 989; x_wconf 79' lang='lat' dir='ltr'><strong>senor.</strong></span> 
     </span>
    </p>
   </div>
   <div class='ocr_carea' id='block_1_2' title="bbox 194 1184 1130 3851">
    <p class='ocr_par' dir='ltr' id='par_1_2' title="bbox 195 1184 1130 2650">
     <span class='ocr_line' id='line_1_3' title="bbox 237 1184 1128 1272; baseline -0.006 -17"><span class='ocrx_word' id='word_1_9' title='bbox 237 1186 354 1272; x_wconf 76' lang='lat' dir='ltr'><strong>Aliquis</strong></span> <span class='ocrx_word' id='word_1_10' title='bbox 367 1187 468 1252; x_wconf 80' lang='lat' dir='ltr'><strong>forsan</strong></span> <span class='ocrx_word' id='word_1_11' title='bbox 477 1184 616 1264; x_wconf 86' lang='lat' dir='ltr'><strong>miretur,</strong></span> <span class='ocrx_word' id='word_1_12' title='bbox 629 1187 713 1270; x_wconf 85' lang='lat' dir='ltr'><strong>quod</strong></span> <span class='ocrx_word' id='word_1_13' title='bbox 722 1198 791 1268; x_wconf 89' lang='lat' dir='ltr'><strong>ego,</strong></span> <span class='ocrx_word' id='word_1_14' title='bbox 802 1184 922 1270; x_wconf 82' lang='lat' dir='ltr'><strong>Libycae</strong></span> <span class='ocrx_word' id='word_1_15' title='bbox 936 1188 1128 1270; x_wconf 75' lang='lat' dir='ltr'>geographiae</span> 
     </span>
     <span class='ocr_line' id='line_1_4' title="bbox 197 1290 1126 1377; baseline -0.002 -17"><span class='ocrx_word' id='word_1_16' title='bbox 197 1296 345 1374; x_wconf 89' lang='lat' dir='ltr'><strong>curiosus,</strong></span> <span class='ocrx_word' id='word_1_17' title='bbox 368 1294 504 1359; x_wconf 87' lang='lat' dir='ltr'><strong>Plinium</strong></span> <span class='ocrx_word' id='word_1_18' title='bbox 527 1290 680 1375; x_wconf 82' lang='lat' dir='ltr'><strong>imprimis</strong></span> <span class='ocrx_word' id='word_1_19' title='bbox 701 1292 881 1376; x_wconf 86' lang='lat' dir='ltr'><strong>magistrum</strong></span> <span class='ocrx_word' id='word_1_20' title='bbox 904 1313 939 1358; x_wconf 87' lang='lat' dir='ltr'><strong>ac</strong></span> <span class='ocrx_word' id='word_1_21' title='bbox 961 1301 1126 1377; x_wconf 88' lang='lat' dir='ltr'><strong>patronum</strong></span> 
     </span>
     <span class='ocr_line' id='line_1_5' title="bbox 195 1400 1125 1486; baseline 0.003 -21"><span class='ocrx_word' id='word_1_22' title='bbox 195 1401 411 1486; x_wconf 81' lang='lat' dir='ltr'><strong>adaptaverim.</strong></span> <span class='ocrx_word' id='word_1_23' title='bbox 421 1401 545 1467; x_wconf 81' lang='lat' dir='ltr'><strong>Etenim</strong></span> <span class='ocrx_word' id='word_1_24' title='bbox 554 1400 743 1465; x_wconf 81' lang='lat' dir='ltr'><strong>consentitur</strong></span> <span class='ocrx_word' id='word_1_25' title='bbox 751 1403 835 1466; x_wconf 92' lang='lat' dir='ltr'><strong>hunc</strong></span> <span class='ocrx_word' id='word_1_26' title='bbox 845 1402 1025 1485; x_wconf 83' lang='lat' dir='ltr'><strong>scriptorem</strong></span> <span class='ocrx_word' id='word_1_27' title='bbox 1039 1406 1125 1468; x_wconf 90' lang='lat' dir='ltr'><strong>omni</strong></span> 
     </span>
     <span class='ocr_line' id='line_1_6' title="bbox 195 1508 1128 1593; baseline 0 -19"><span class='ocrx_word' id='word_1_28' title='bbox 195 1511 299 1575; x_wconf 85' lang='lat' dir='ltr'><strong>critice</strong></span> <span class='ocrx_word' id='word_1_29' title='bbox 317 1510 485 1574; x_wconf 79' lang='lat' dir='ltr'><strong>antefuisse</strong></span> <span class='ocrx_word' id='word_1_30' title='bbox 512 1509 702 1572; x_wconf 88' lang='lat' dir='ltr'><strong>destitutum.</strong></span> <span class='ocrx_word' id='word_1_31' title='bbox 726 1508 808 1588; x_wconf 83' lang='lat' dir='ltr'><strong>Quid</strong></span> <span class='ocrx_word' id='word_1_32' title='bbox 830 1509 924 1574; x_wconf 79' lang='lat' dir='ltr'><strong>vero?</strong></span> <span class='ocrx_word' id='word_1_33' title='bbox 947 1528 1045 1593; x_wconf 93' lang='lat' dir='ltr'><strong>quum</strong></span> <span class='ocrx_word' id='word_1_34' title='bbox 1063 1529 1128 1574; x_wconf 89' lang='lat' dir='ltr'><strong>rem</strong></span> 
     </span>
     <span class='ocr_line' id='line_1_7' title="bbox 196 1616 1125 1700; baseline -0.003 -18"><span class='ocrx_word' id='word_1_35' title='bbox 196 1627 259 1682; x_wconf 90' lang='lat' dir='ltr'><strong>tam</strong></span> <span class='ocrx_word' id='word_1_36' title='bbox 278 1620 450 1694; x_wconf 89' lang='lat' dir='ltr'><strong>obscuram,</strong></span> <span class='ocrx_word' id='word_1_37' title='bbox 469 1625 515 1681; x_wconf 89' lang='lat' dir='ltr'><strong>tot</strong></span> <span class='ocrx_word' id='word_1_38' title='bbox 528 1617 639 1681; x_wconf 91' lang='lat' dir='ltr'><strong>fabulis</strong></span> <span class='ocrx_word' id='word_1_39' title='bbox 653 1618 836 1693; x_wconf 81' lang='lat' dir='ltr'><strong>immixtam,</strong></span> <span class='ocrx_word' id='word_1_40' title='bbox 851 1616 1047 1700; x_wconf 84' lang='lat' dir='ltr'><strong>susceperim,</strong></span> <span class='ocrx_word' id='word_1_41' title='bbox 1070 1621 1125 1700; x_wconf 87' lang='lat' dir='ltr'><strong>qui</strong></span> 
     </span>
     <span class='ocr_line' id='line_1_8' title="bbox 197 1724 1130 1808; baseline 0 -18"><span class='ocrx_word' id='word_1_42' title='bbox 197 1728 233 1790; x_wconf 87' lang='lat' dir='ltr'><strong>dt</strong></span> <span class='ocrx_word' id='word_1_43' title='bbox 253 1733 371 1791; x_wconf 88' lang='lat' dir='ltr'><strong>uteum</strong></span> <span class='ocrx_word' id='word_1_44' title='bbox 393 1727 505 1790; x_wconf 88' lang='lat' dir='ltr'><strong>dueem</strong></span> <span class='ocrx_word' id='word_1_45' title='bbox 522 1724 676 1805; x_wconf 84' lang='lat' dir='ltr'><strong>elegerim,</strong></span> <span class='ocrx_word' id='word_1_46' title='bbox 696 1724 761 1808; x_wconf 90' lang='lat' dir='ltr'><strong>qui,</strong></span> <span class='ocrx_word' id='word_1_47' title='bbox 776 1725 910 1788; x_wconf 86' lang='lat' dir='ltr'><strong>incertus</strong></span> <span class='ocrx_word' id='word_1_48' title='bbox 931 1725 997 1801; x_wconf 85' lang='lat' dir='ltr'><strong>viae,</strong></span> <span class='ocrx_word' id='word_1_49' title='bbox 1013 1742 1130 1790; x_wconf 86' lang='lat' dir='ltr'><strong>errores</strong></span> 
     </span>
     <span class='ocr_line' id='line_1_9' title="bbox 196 1829 1130 1916; baseline -0.002 -19"><span class='ocrx_word' id='word_1_50' title='bbox 196 1835 399 1916; x_wconf 83' lang='lat' dir='ltr'><strong>ambagesque</strong></span> <span class='ocrx_word' id='word_1_51' title='bbox 419 1829 536 1895; x_wconf 88' lang='lat' dir='ltr'><strong>itineris</strong></span> <span class='ocrx_word' id='word_1_52' title='bbox 558 1850 615 1895; x_wconf 89' lang='lat' dir='ltr'><strong>nec</strong></span> <span class='ocrx_word' id='word_1_53' title='bbox 636 1830 693 1895; x_wconf 91' lang='lat' dir='ltr'><strong>sibi</strong></span> <span class='ocrx_word' id='word_1_54' title='bbox 712 1846 769 1895; x_wconf 89' lang='lat' dir='ltr'><strong>nec</strong></span> <span class='ocrx_word' id='word_1_55' title='bbox 788 1830 904 1895; x_wconf 86' lang='lat' dir='ltr'><strong>caeteris</strong></span> <span class='ocrx_word' id='word_1_56' title='bbox 921 1838 1013 1914; x_wconf 87' lang='lat' dir='ltr'><strong>queat</strong></span> <span class='ocrx_word' id='word_1_57' title='bbox 1029 1833 1130 1915; x_wconf 86' lang='lat' dir='ltr'><strong>expli·</strong></span> 
     </span>
     <span class='ocr_line' id='line_1_10' title="bbox 196 1938 1126 2020; baseline -0.004 -14"><span class='ocrx_word' id='word_1_58' title='bbox 196 1940 285 2006; x_wconf 81' lang='lat' dir='ltr'><strong>care?</strong></span> <span class='ocrx_word' id='word_1_59' title='bbox 300 1941 464 2020; x_wconf 78' lang='lat' dir='ltr'><strong>Quintus,</strong></span> <span class='ocrx_word' id='word_1_60' title='bbox 485 1938 645 2019; x_wconf 89' lang='lat' dir='ltr'><strong>Strabone,</strong></span> <span class='ocrx_word' id='word_1_61' title='bbox 660 1941 693 2004; x_wconf 88' lang='lat' dir='ltr'><strong>P.</strong></span> <span class='ocrx_word' id='word_1_62' title='bbox 709 1938 798 2020; x_wconf 83' lang='lat' dir='ltr'><strong>Mela,</strong></span> <span class='ocrx_word' id='word_1_63' title='bbox 812 1938 976 2003; x_wconf 72' lang='lat' dir='ltr'><strong>Ptolemae</strong></span> <span class='ocrx_word' id='word_1_64' title='bbox 991 1939 1126 2016; x_wconf 89' lang='lat' dir='ltr'><strong>desertis,</strong></span> 
     </span>
     <span class='ocr_line' id='line_1_11' title="bbox 196 2046 1127 2131; baseline -0.004 -16"><span class='ocrx_word' id='word_1_65' title='bbox 196 2051 234 2115; x_wconf 89' lang='lat' dir='ltr'><strong>ad</strong></span> <span class='ocrx_word' id='word_1_66' title='bbox 247 2046 348 2113; x_wconf 87' lang='lat' dir='ltr'><strong>virum</strong></span> <span class='ocrx_word' id='word_1_67' title='bbox 362 2047 565 2129; x_wconf 80' lang='lat' dir='ltr'><strong>confugerim,</strong></span> <span class='ocrx_word' id='word_1_68' title='bbox 579 2066 618 2111; x_wconf 84' lang='lat' dir='ltr'><strong>ex</strong></span> <span class='ocrx_word' id='word_1_69' title='bbox 631 2047 791 2112; x_wconf 87' lang='lat' dir='ltr'><strong>occasione</strong></span> <span class='ocrx_word' id='word_1_70' title='bbox 802 2048 895 2112; x_wconf 91' lang='lat' dir='ltr'><strong>modo</strong></span> <span class='ocrx_word' id='word_1_71' title='bbox 907 2050 1127 2131; x_wconf 92' lang='lat' dir='ltr'><strong>geographum,</strong></span> 
     </span>
     <span class='ocr_line' id='line_1_12' title="bbox 196 2154 1126 2240; baseline 0.001 -22"><span class='ocrx_word' id='word_1_72' title='bbox 196 2154 250 2240; x_wconf 90' lang='lat' dir='ltr'><strong>qui</strong></span> <span class='ocrx_word' id='word_1_73' title='bbox 261 2154 300 2221; x_wconf 84' lang='lat' dir='ltr'><strong>ad</strong></span> <span class='ocrx_word' id='word_1_74' title='bbox 322 2156 354 2219; x_wconf 93' lang='lat' dir='ltr'><strong>id</strong></span> <span class='ocrx_word' id='word_1_75' title='bbox 367 2170 466 2220; x_wconf 90' lang='lat' dir='ltr'><strong>unum</strong></span> <span class='ocrx_word' id='word_1_76' title='bbox 485 2154 557 2218; x_wconf 91' lang='lat' dir='ltr'><strong>huic</strong></span> <span class='ocrx_word' id='word_1_77' title='bbox 578 2155 712 2218; x_wconf 85' lang='lat' dir='ltr'><strong>soientiae</strong></span> <span class='ocrx_word' id='word_1_78' title='bbox 725 2154 862 2236; x_wconf 91' lang='lat' dir='ltr'><strong>indulsit,</strong></span> <span class='ocrx_word' id='word_1_79' title='bbox 879 2165 914 2221; x_wconf 93' lang='lat' dir='ltr'><strong>ut</strong></span> <span class='ocrx_word' id='word_1_80' title='bbox 934 2156 966 2220; x_wconf 93' lang='lat' dir='ltr'><strong>in</strong></span> <span class='ocrx_word' id='word_1_81' title='bbox 984 2156 1126 2222; x_wconf 84' lang='lat' dir='ltr'><strong>universo</strong></span> 
     </span>
     <span class='ocr_line' id='line_1_13' title="bbox 196 2264 1128 2349; baseline 0.001 -22"><span class='ocrx_word' id='word_1_82' title='bbox 196 2265 233 2328; x_wconf 86' lang='lat' dir='ltr'><strong>ds</strong></span> <span class='ocrx_word' id='word_1_83' title='bbox 246 2271 355 2329; x_wconf 87' lang='lat' dir='ltr'><strong>natura</strong></span> <span class='ocrx_word' id='word_1_84' title='bbox 368 2281 460 2345; x_wconf 89' lang='lat' dir='ltr'><strong>opere</strong></span> <span class='ocrx_word' id='word_1_85' title='bbox 473 2277 543 2344; x_wconf 85' lang='lat' dir='ltr'><strong>pars</strong></span> <span class='ocrx_word' id='word_1_86' title='bbox 556 2281 591 2326; x_wconf 87' lang='lat' dir='ltr'><strong>ea</strong></span> <span class='ocrx_word' id='word_1_87' title='bbox 605 2280 728 2346; x_wconf 88' lang='lat' dir='ltr'><strong>quoque</strong></span> <span class='ocrx_word' id='word_1_88' title='bbox 742 2282 806 2328; x_wconf 93' lang='lat' dir='ltr'><strong>non</strong></span> <span class='ocrx_word' id='word_1_89' title='bbox 827 2264 977 2341; x_wconf 87' lang='lat' dir='ltr'><strong>deiiceret,</strong></span> <span class='ocrx_word' id='word_1_90' title='bbox 994 2264 1047 2349; x_wconf 91' lang='lat' dir='ltr'><strong>qui</strong></span> <span class='ocrx_word' id='word_1_91' title='bbox 1069 2266 1128 2329; x_wconf 86' lang='lat' dir='ltr'><strong>de-</strong></span> 
     </span>
     <span class='ocr_line' id='line_1_14' title="bbox 195 2368 1126 2455; baseline 0 -20"><span class='ocrx_word' id='word_1_92' title='bbox 195 2370 288 2454; x_wconf 88' lang='lat' dir='ltr'><strong>nique</strong></span> <span class='ocrx_word' id='word_1_93' title='bbox 307 2388 371 2436; x_wconf 91' lang='lat' dir='ltr'><strong>non</strong></span> <span class='ocrx_word' id='word_1_94' title='bbox 400 2384 479 2454; x_wconf 86' lang='lat' dir='ltr'><strong>opus</strong></span> <span class='ocrx_word' id='word_1_95' title='bbox 500 2368 691 2452; x_wconf 89' lang='lat' dir='ltr'><strong>geographiae</strong></span> <span class='ocrx_word' id='word_1_96' title='bbox 711 2384 810 2450; x_wconf 84' lang='lat' dir='ltr'><strong>eausa,</strong></span> <span class='ocrx_word' id='word_1_97' title='bbox 836 2372 889 2436; x_wconf 89' lang='lat' dir='ltr'><strong>sed</strong></span> <span class='ocrx_word' id='word_1_98' title='bbox 911 2372 1126 2455; x_wconf 82' lang='lat' dir='ltr'><strong>geographiam</strong></span> 
     </span>
     <span class='ocr_line' id='line_1_15' title="bbox 195 2476 1126 2562; baseline 0.004 -22"><span class='ocrx_word' id='word_1_99' title='bbox 195 2479 291 2559; x_wconf 86' lang='lat' dir='ltr'><strong>gratia</strong></span> <span class='ocrx_word' id='word_1_100' title='bbox 310 2477 410 2559; x_wconf 89' lang='lat' dir='ltr'><strong>operis</strong></span> <span class='ocrx_word' id='word_1_101' title='bbox 434 2477 630 2560; x_wconf 84' lang='lat' dir='ltr'><strong>composuit?</strong></span> <span class='ocrx_word' id='word_1_102' title='bbox 650 2478 769 2562; x_wconf 86' lang='lat' dir='ltr'><strong>Duplex</strong></span> <span class='ocrx_word' id='word_1_103' title='bbox 792 2477 887 2561; x_wconf 87' lang='lat' dir='ltr'><strong>igitur</strong></span> <span class='ocrx_word' id='word_1_104' title='bbox 904 2476 981 2544; x_wconf 92' lang='lat' dir='ltr'><strong>mihi</strong></span> <span class='ocrx_word' id='word_1_105' title='bbox 1010 2480 1126 2544; x_wconf 89' lang='lat' dir='ltr'><strong>crimen</strong></span> 
     </span>
     <span class='ocr_line' id='line_1_16' title="bbox 195 2585 430 2650; baseline -0.013 0"><span class='ocrx_word' id='word_1_106' title='bbox 195 2592 240 2650; x_wconf 89' lang='lat' dir='ltr'><strong>est</strong></span> <span class='ocrx_word' id='word_1_107' title='bbox 252 2585 430 2649; x_wconf 86' lang='lat' dir='ltr'><strong>eluendum.</strong></span> 
     </span>
    </p>

    <p class='ocr_par' dir='ltr' id='par_1_3' title="bbox 194 2687 1126 3851">
     <span class='ocr_line' id='line_1_17' title="bbox 235 2687 1126 2776; baseline 0.002 -20"><span class='ocrx_word' id='word_1_108' title='bbox 235 2691 366 2756; x_wconf 83' lang='lat' dir='ltr'><strong>Scientia</strong></span> <span class='ocrx_word' id='word_1_109' title='bbox 381 2688 535 2776; x_wconf 75' lang='lat' dir='ltr'><strong>quelibet,</strong></span> <span class='ocrx_word' id='word_1_110' title='bbox 559 2700 595 2758; x_wconf 89' lang='lat' dir='ltr'><strong>ut</strong></span> <span class='ocrx_word' id='word_1_111' title='bbox 614 2687 783 2757; x_wconf 89' lang='lat' dir='ltr'><strong>clarissimo</strong></span> <span class='ocrx_word' id='word_1_112' title='bbox 796 2688 861 2756; x_wconf 78' lang='lat' dir='ltr'><strong>tiro</strong></span> <span class='ocrx_word' id='word_1_113' title='bbox 884 2688 986 2775; x_wconf 90' lang='lat' dir='ltr'><strong>lepide</strong></span> <span class='ocrx_word' id='word_1_114' title='bbox 1010 2691 1126 2758; x_wconf 89' lang='lat' dir='ltr'><strong>dictum</strong></span> 
     </span>
     <span class='ocr_line' id='line_1_18' title="bbox 195 2798 1124 2885; baseline 0.002 -21"><span class='ocrx_word' id='word_1_115' title='bbox 195 2802 250 2877; x_wconf 88' lang='lat' dir='ltr'><strong>est,</strong></span> <span class='ocrx_word' id='word_1_116' title='bbox 274 2799 431 2865; x_wconf 88' lang='lat' dir='ltr'><strong>simillima</strong></span> <span class='ocrx_word' id='word_1_117' title='bbox 454 2808 499 2864; x_wconf 92' lang='lat' dir='ltr'><strong>est</strong></span> <span class='ocrx_word' id='word_1_118' title='bbox 520 2800 664 2878; x_wconf 83' lang='lat' dir='ltr'><strong>aedifioio;</strong></span> <span class='ocrx_word' id='word_1_119' title='bbox 691 2798 775 2884; x_wconf 89' lang='lat' dir='ltr'><strong>qnod</strong></span> <span class='ocrx_word' id='word_1_120' title='bbox 797 2800 921 2884; x_wconf 91' lang='lat' dir='ltr'><strong>quidem</strong></span> <span class='ocrx_word' id='word_1_121' title='bbox 943 2816 1007 2866; x_wconf 91' lang='lat' dir='ltr'><strong>non</strong></span> <span class='ocrx_word' id='word_1_122' title='bbox 1026 2802 1124 2885; x_wconf 91' lang='lat' dir='ltr'><strong>possis</strong></span> 
     </span>
     <span class='ocr_line' id='line_1_19' title="bbox 195 2907 1126 2992; baseline 0.003 -21"><span class='ocrx_word' id='word_1_123' title='bbox 195 2914 362 2983; x_wconf 85' lang='lat' dir='ltr'><strong>exstruere,</strong></span> <span class='ocrx_word' id='word_1_124' title='bbox 377 2907 436 2972; x_wconf 90' lang='lat' dir='ltr'><strong>nisi</strong></span> <span class='ocrx_word' id='word_1_125' title='bbox 450 2907 520 2992; x_wconf 89' lang='lat' dir='ltr'><strong>quis</strong></span> <span class='ocrx_word' id='word_1_126' title='bbox 536 2909 663 2988; x_wconf 80' lang='lat' dir='ltr'><strong>calcem,</strong></span> <span class='ocrx_word' id='word_1_127' title='bbox 679 2924 801 2972; x_wconf 86' lang='lat' dir='ltr'><strong>arenam</strong></span> <span class='ocrx_word' id='word_1_128' title='bbox 816 2916 846 2971; x_wconf 89' lang='lat' dir='ltr'><strong>et</strong></span> <span class='ocrx_word' id='word_1_129' title='bbox 866 2909 981 2991; x_wconf 80' lang='lat' dir='ltr'><strong>lapides</strong></span> <span class='ocrx_word' id='word_1_130' title='bbox 999 2909 1126 2992; x_wconf 92' lang='lat' dir='ltr'><strong>adspor-</strong></span> 
     </span>
     <span class='ocr_line' id='line_1_20' title="bbox 195 3009 1126 3098; baseline 0 -20"><span class='ocrx_word' id='word_1_131' title='bbox 195 3013 311 3078; x_wconf 84' lang='lat' dir='ltr'><strong>tuverit.</strong></span> <span class='ocrx_word' id='word_1_132' title='bbox 326 3011 387 3079; x_wconf 90' lang='lat' dir='ltr'><strong>Nos</strong></span> <span class='ocrx_word' id='word_1_133' title='bbox 399 3019 502 3078; x_wconf 81' lang='lat' dir='ltr'><strong>eutem</strong></span> <span class='ocrx_word' id='word_1_134' title='bbox 516 3014 569 3098; x_wconf 90' lang='lat' dir='ltr'><strong>qui</strong></span> <span class='ocrx_word' id='word_1_135' title='bbox 587 3012 697 3078; x_wconf 87' lang='lat' dir='ltr'><strong>mellus</strong></span> <span class='ocrx_word' id='word_1_136' title='bbox 716 3032 751 3077; x_wconf 87' lang='lat' dir='ltr'><strong>eo</strong></span> <span class='ocrx_word' id='word_1_137' title='bbox 765 3009 876 3078; x_wconf 86' lang='lat' dir='ltr'><strong>certius</strong></span> <span class='ocrx_word' id='word_1_138' title='bbox 894 3014 1126 3096; x_wconf 87' lang='lat' dir='ltr'><strong>geographiam,</strong></span> 
     </span>
     <span class='ocr_line' id='line_1_21' title="bbox 195 3118 1125 3204; baseline 0.006 -20"><span class='ocrx_word' id='word_1_139' title='bbox 195 3122 262 3204; x_wconf 89' lang='lat' dir='ltr'><strong>ipso</strong></span> <span class='ocrx_word' id='word_1_140' title='bbox 275 3135 426 3184; x_wconf 87' lang='lat' dir='ltr'><strong>annorum</strong></span> <span class='ocrx_word' id='word_1_141' title='bbox 439 3120 536 3203; x_wconf 89' lang='lat' dir='ltr'><strong>lapsu,</strong></span> <span class='ocrx_word' id='word_1_142' title='bbox 552 3121 618 3203; x_wconf 86' lang='lat' dir='ltr'><strong>ipsa</strong></span> <span class='ocrx_word' id='word_1_143' title='bbox 631 3118 774 3204; x_wconf 85' lang='lat' dir='ltr'><strong>praeteriti</strong></span> <span class='ocrx_word' id='word_1_144' title='bbox 787 3119 983 3204; x_wconf 87' lang='lat' dir='ltr'><strong>experientia,</strong></span> <span class='ocrx_word' id='word_1_145' title='bbox 997 3128 1125 3190; x_wconf 87' lang='lat' dir='ltr'><strong>tractare</strong></span> 
     </span>
     <span class='ocr_line' id='line_1_22' title="bbox 195 3227 1125 3312; baseline 0.004 -20"><span class='ocrx_word' id='word_1_146' title='bbox 195 3227 391 3308; x_wconf 80' lang='lat' dir='ltr'><strong>essnedmus,</strong></span> <span class='ocrx_word' id='word_1_147' title='bbox 416 3242 513 3312; x_wconf 89' lang='lat' dir='ltr'><strong>quum</strong></span> <span class='ocrx_word' id='word_1_148' title='bbox 535 3228 714 3311; x_wconf 90' lang='lat' dir='ltr'><strong>respicimus</strong></span> <span class='ocrx_word' id='word_1_149' title='bbox 737 3229 776 3292; x_wconf 86' lang='lat' dir='ltr'><strong>ed</strong></span> <span class='ocrx_word' id='word_1_150' title='bbox 797 3230 951 3312; x_wconf 85' lang='lat' dir='ltr'><strong>antiquos,</strong></span> <span class='ocrx_word' id='word_1_151' title='bbox 967 3231 1125 3295; x_wconf 85' lang='lat' dir='ltr'><strong>materiem</strong></span> 
     </span>
     <span class='ocr_line' id='line_1_23' title="bbox 195 3333 1124 3420; baseline 0.002 -20"><span class='ocrx_word' id='word_1_152' title='bbox 195 3335 370 3420; x_wconf 80' lang='lat' dir='ltr'><strong>querimus,</strong></span> <span class='ocrx_word' id='word_1_153' title='bbox 384 3353 448 3399; x_wconf 93' lang='lat' dir='ltr'><strong>non</strong></span> <span class='ocrx_word' id='word_1_154' title='bbox 461 3343 556 3399; x_wconf 85' lang='lat' dir='ltr'><strong>artem</strong></span> <span class='ocrx_word' id='word_1_155' title='bbox 570 3333 748 3399; x_wconf 88' lang='lat' dir='ltr'><strong>aedifloandi.</strong></span> <span class='ocrx_word' id='word_1_156' title='bbox 771 3334 840 3401; x_wconf 92' lang='lat' dir='ltr'><strong>Non</strong></span> <span class='ocrx_word' id='word_1_157' title='bbox 860 3336 931 3400; x_wconf 87' lang='lat' dir='ltr'><strong>satis</strong></span> <span class='ocrx_word' id='word_1_158' title='bbox 951 3336 1053 3420; x_wconf 86' lang='lat' dir='ltr'><strong>Libya,</strong></span> <span class='ocrx_word' id='word_1_159' title='bbox 1070 3358 1124 3402; x_wconf 92' lang='lat' dir='ltr'><strong>ve-</strong></span> 
     </span>
     <span class='ocr_line' id='line_1_24' title="bbox 194 3442 1120 3528; baseline 0.003 -20"><span class='ocrx_word' id='word_1_160' title='bbox 194 3453 296 3509; x_wconf 81' lang='lat' dir='ltr'><strong>temm</strong></span> <span class='ocrx_word' id='word_1_161' title='bbox 303 3442 502 3527; x_wconf 87' lang='lat' dir='ltr'><strong>temporibus,</strong></span> <span class='ocrx_word' id='word_1_162' title='bbox 511 3452 583 3510; x_wconf 89' lang='lat' dir='ltr'><strong>nota</strong></span> <span class='ocrx_word' id='word_1_163' title='bbox 590 3451 663 3524; x_wconf 92' lang='lat' dir='ltr'><strong>erat,</strong></span> <span class='ocrx_word' id='word_1_164' title='bbox 675 3451 710 3509; x_wconf 82' lang='lat' dir='ltr'><strong>ut</strong></span> <span class='ocrx_word' id='word_1_165' title='bbox 723 3445 792 3528; x_wconf 90' lang='lat' dir='ltr'><strong>quis</strong></span> <span class='ocrx_word' id='word_1_166' title='bbox 805 3444 929 3511; x_wconf 86' lang='lat' dir='ltr'><strong>criticus</strong></span> <span class='ocrx_word' id='word_1_167' title='bbox 939 3447 1120 3512; x_wconf 84' lang='lat' dir='ltr'><strong>documenta</strong></span> 
     </span>
     <span class='ocr_line' id='line_1_25' title="bbox 195 3550 1119 3636; baseline 0.002 -20"><span class='ocrx_word' id='word_1_168' title='bbox 195 3550 343 3634; x_wconf 87' lang='lat' dir='ltr'><strong>seligeret,</strong></span> <span class='ocrx_word' id='word_1_169' title='bbox 358 3551 416 3617; x_wconf 82' lang='lat' dir='ltr'><strong>alin</strong></span> <span class='ocrx_word' id='word_1_170' title='bbox 429 3568 497 3636; x_wconf 88' lang='lat' dir='ltr'><strong>quae</strong></span> <span class='ocrx_word' id='word_1_171' title='bbox 510 3553 673 3630; x_wconf 86' lang='lat' dir='ltr'><strong>omitteret,</strong></span> <span class='ocrx_word' id='word_1_172' title='bbox 688 3550 746 3616; x_wconf 86' lang='lat' dir='ltr'><strong>alia</strong></span> <span class='ocrx_word' id='word_1_173' title='bbox 762 3550 873 3635; x_wconf 90' lang='lat' dir='ltr'><strong>quibus</strong></span> <span class='ocrx_word' id='word_1_174' title='bbox 887 3560 1040 3630; x_wconf 82' lang='lat' dir='ltr'><strong>uteretur3</strong></span> <span class='ocrx_word' id='word_1_175' title='bbox 1059 3552 1119 3635; x_wconf 87' lang='lat' dir='ltr'><strong>p&#39;o-</strong></span> 
     </span>
     <span class='ocr_line' id='line_1_26' title="bbox 195 3656 1118 3743; baseline 0.002 -21"><span class='ocrx_word' id='word_1_176' title='bbox 195 3664 319 3725; x_wconf 87' lang='lat' dir='ltr'><strong>tuerunt</strong></span> <span class='ocrx_word' id='word_1_177' title='bbox 342 3658 399 3724; x_wconf 85' lang='lat' dir='ltr'><strong>viri</strong></span> <span class='ocrx_word' id='word_1_178' title='bbox 421 3659 604 3742; x_wconf 85' lang='lat' dir='ltr'><strong>sagacissimi</strong></span> <span class='ocrx_word' id='word_1_179' title='bbox 617 3678 653 3726; x_wconf 85' lang='lat' dir='ltr'><strong>ea</strong></span> <span class='ocrx_word' id='word_1_180' title='bbox 674 3656 799 3742; x_wconf 86' lang='lat' dir='ltr'><strong>rejicere</strong></span> <span class='ocrx_word' id='word_1_181' title='bbox 824 3679 892 3743; x_wconf 88' lang='lat' dir='ltr'><strong>quae</strong></span> <span class='ocrx_word' id='word_1_182' title='bbox 915 3660 1004 3724; x_wconf 91' lang='lat' dir='ltr'><strong>nobis</strong></span> <span class='ocrx_word' id='word_1_183' title='bbox 1027 3660 1118 3724; x_wconf 88' lang='lat' dir='ltr'><strong>hodio</strong></span> 
     </span>
     <span class='ocr_line' id='line_1_27' title="bbox 195 3764 1120 3851; baseline 0 -22"><span class='ocrx_word' id='word_1_184' title='bbox 195 3764 319 3831; x_wconf 83' lang='lat' dir='ltr'><strong>maximi</strong></span> <span class='ocrx_word' id='word_1_185' title='bbox 328 3766 388 3832; x_wconf 90' lang='lat' dir='ltr'><strong>sint</strong></span> <span class='ocrx_word' id='word_1_186' title='bbox 397 3766 496 3850; x_wconf 90' lang='lat' dir='ltr'><strong>pretii.</strong></span> <span class='ocrx_word' id='word_1_187' title='bbox 508 3766 583 3846; x_wconf 85' lang='lat' dir='ltr'><strong>Quis</strong></span> <span class='ocrx_word' id='word_1_188' title='bbox 591 3775 693 3832; x_wconf 88' lang='lat' dir='ltr'><strong>autem</strong></span> <span class='ocrx_word' id='word_1_189' title='bbox 700 3766 1120 3851; x_wconf 88' lang='lat' dir='ltr'><strong>quamPlinius,documentis</strong></span> 
     </span>
    </p>
   </div>
   <div class='ocr_carea' id='block_1_3' title="bbox 0 0 1328 4560">
    <p class='ocr_par' dir='ltr' id='par_1_4' title="bbox 0 0 1328 4560">
     <span class='ocr_line' id='line_1_28' title="bbox 0 0 1328 4560; baseline 0 1"><span class='ocrx_word' id='word_1_190' title='bbox 0 0 1328 4560; x_wconf 95' lang='lat' dir='ltr'><strong> </strong></span> 
     </span>
    </p>
   </div>
  </div>
 </body>
</html>
