2648 4560
601 283 736 346 ...10-

215 412 307 477 ditior
333 431 469 495 unquam
483 412 562 476 luit‘l
577 412 653 491 Quae
666 431 735 494 pars
749 413 849 494 operis
862 413 991 476 Pliniani
1006 413 1141 478 testimo·

218 521 275 583 niis
294 519 507 595 abundantior,
529 539 621 601 quam
640 519 741 600 Libyae
764 519 966 601 geographia?
979 521 1057 584 Nam
1077 521 1142 585 Pli-

216 627 285 689 nius
297 626 335 689 ad
349 646 416 689 eam
429 627 673 707 componendam
686 646 723 689 ex
743 625 849 689 multis
869 626 970 688 hausit
992 625 1139 703 sontibus,

216 752 349 815 quorum
363 732 488 815 quidem
504 733 661 814 pauciores
675 733 714 795 ad
730 751 787 795 nos
811 732 1020 807 delluxemnt;
1039 734 1143 814 plures

216 846 285 902 ante
298 847 400 903 nostra
413 847 549 920 tempora
563 837 685 902 luemnt
696 836 830 900 extincti!
841 837 896 913 lta,
908 856 971 901 non
980 857 1044 915 sua,
1055 847 1090 902 ut
1102 838 1142 902 ita

217 946 327 1021 dicam,
348 948 438 1010 laude
461 945 703 1019 commendatur,
728 945 783 1029 sed
805 943 913 1020 aliena,
936 964 1034 1027 quum
1053 946 1144 1010 nobis

219 1054 374 1116 reddendo
388 1052 548 1117 servaverit
560 1061 695 1116 veterum
717 1070 819 1134 opera,
834 1052 1034 1116 barbarorum
1056 1053 1143 1134 igno·

219 1159 317 1222 nantia
337 1160 446 1234 diruta,
471 1177 533 1222 uon
562 1165 634 1232 tam,
651 1157 723 1239 quia
742 1157 931 1238 supervixit,
965 1158 1055 1222 nobis
1078 1178 1145 1239 gra-

216 1267 321 1343 tiosus,
337 1285 430 1349 quam
443 1266 516 1348 qnia
532 1265 631 1327 caeteri
646 1263 820 1346 perierunt!

257 1375 350 1439 Nobis
372 1374 455 1436 enim
482 1373 572 1436 Plinii
599 1391 677 1454 opus
706 1375 963 1455 aggredientibus,
984 1383 1019 1438 ut
1045 1372 1146 1438 Tullio
1228 1440 1230 1448 ,

217 1480 411 1546 Academiam
430 1479 564 1553 intranti,
590 1478 747 1542 clarissimi
768 1481 889 1544 obviarn
910 1490 1071 1561 assurgunt
1088 1501 1146 1546 an-

218 1587 368 1671 tiquitatis
380 1585 447 1648 viri.

256 1696 324 1760 Non
338 1701 477 1757 nostrum
494 1711 648 1756 recensere
671 1701 715 1756 est
734 1712 840 1757 omnes
863 1696 1051 1778 geographos
1071 1716 1149 1779 quos

217 1804 270 1867 ille
290 1809 481 1875 annumerat,
497 1801 550 1863 sed
570 1819 621 1862 eos
643 1808 763 1864 tantum
784 1801 837 1883 qui
856 1802 894 1864 de
913 1802 1007 1883 Libya
1025 1803 1149 1884 scripse-

218 1919 364 1987 runt,nec
373 1908 497 1992 quidem
507 1927 690 1990 perpaucos.
703 1908 889 1972 Herodotum
901 1909 1014 1973 scilicet
1023 1919 1052 1973 et
1061 1912 1148 1991 Poly-

217 2020 304 2083 bium
318 2027 348 2080 et
358 2015 527 2080 Diodorum
541 2015 619 2077 inter
632 2015 767 2095 Graecos3
778 2014 1051 2080 interRomancsS.
1064 2018 1151 2081 Paul-

219 2126 329 2202 linum,
339 2123 371 2188 C.
387 2123 547 2203 Nepotem,
563 2123 594 2186 P.
611 2121 731 2197 Melam,
743 2121 957 2204 imperatorem
971 2123 1147 2200 Claudium;

219 2233 399 2298 hannonem
413 2238 442 2295 et
452 2230 564 2295 Iubam
577 2229 657 2292 inter
670 2229 767 2294 lllros.
783 2230 829 2294 Ex
839 2230 887 2294 his
900 2232 1044 2295 omnibus
1053 2233 1151 2315 scrip-

220 2340 348 2416 toribus,
366 2347 426 2402 tres
447 2344 579 2413 tantum,
590 2336 725 2400 barbaris
740 2337 886 2402 barbariae
899 2358 959 2420 que
980 2340 1086 2423 erepti,
1101 2359 1151 2405 su-

215 2453 358 2530 persunt,
369 2444 551 2520 Herodotus,
563 2444 715 2507 Diodoms
727 2451 757 2506 et
770 2444 857 2509 Mela.

261 2555 344 2619 Unus
354 2552 470 2617 Plinius
479 2551 567 2614 nobis
576 2551 692 2631 Polybii
703 2550 858 2633 periplum
869 2554 983 2616 retulit.
996 2555 1065 2618 Non
1074 2563 1153 2619 tacet

222 2671 293 2726 aetas
310 2663 434 2744 antiqua
451 2661 489 2723 de
497 2659 612 2741 Polybii
621 2659 792 2734 virtutibus,
804 2679 866 2723 non
877 2669 956 2725 tacet
972 2663 1037 2744 ipsa
1050 2673 1153 2728 nostra

223 2782 313 2847 rems,
341 2767 480 2851 quamvis
508 2767 546 2830 ad
570 2785 626 2830 nos
658 2784 722 2829 non
749 2766 926 2830 devenerint
954 2788 1061 2832 omnes
1082 2771 1153 2833 libri

224 2879 381 2946 annalium
395 2894 472 2958 quos
479 2873 608 2956 scripsit.
618 2875 661 2938 Ea
673 2883 776 2936 autem
786 2893 855 2956 pars
861 2876 962 2956 operis
971 2885 1034 2940 tota
1043 2878 1153 2942 amissa

226 2996 281 3066 est,
310 3005 371 3068 qua
393 2980 608 3064 geographiam
634 2999 773 3063 quoque,
802 2981 948 3045 confectis
982 2983 1152 3060 itineribus,

227 3099 418 3167 tractaveram
434 3090 488 3152 sed
503 3086 670 3162 Strabonis,
685 3105 748 3150 non
771 3089 949 3169 aspernandi
975 3096 1055 3152 certe
1079 3110 1155 3155 auc-

229 3201 311 3276 toris,
329 3196 502 3262 testimonio
516 3202 709 3277 compertum
722 3204 766 3258 est
779 3197 918 3260 eamdem
928 3197 1054 3277 Polybio
1065 3196 1157 3261 luisse

228 3311 259 3373 iu
274 3304 454 3389 geographia
463 3305 618 3368 tractanda
631 3303 832 3384 sagacitatem,
848 3305 991 3366 eumdem
1005 3305 1155 3381 animum,

229 3417 368 3480 eamdem
382 3411 514 3493 denique
528 3410 641 3492 ingenii
660 3411 771 3485 lucem,
787 3430 848 3492 qua
861 3410 965 3474 eximii
985 3410 1041 3474 viri
1055 3421 1085 3475 et
1099 3413 1157 3494 ipsi

230 3526 384 3588 ducuntur
397 3532 427 3583 et
443 3529 565 3583 caeteros
577 3519 767 3581 illuminant.
784 3517 998 3583 Gratissimum
1009 3518 1085 3581 mihi
1098 3518 1157 3582 luit

232 3632 336 3694 ridere
354 3629 533 3692 Strabonem
557 3625 672 3707 Polybii
696 3633 795 3706 partes
821 3624 1042 3688 defendentem.
1073 3625 1157 3688 Felix

238 3747 377 3819 uterque,
389 3754 484 3818 quum
499 3735 574 3796 alter
584 3732 700 3812 Polybii
716 3732 897 3794 memoriam
911 3731 1031 3811 longius
1045 3733 1158 3813 produ·
