2648 4560
557 283 712 351 ..354

154 435 214 484 non
229 415 395 501 admodum
410 423 637 504 erravitquum
657 411 941 501 Atlantemvocavit
957 423 1075 484 montes¹

153 530 258 599 Sierru
277 532 380 592 hone.

179 636 729 718 DiximusPlinium,adgeograpl1iam
739 654 824 700 suam
833 634 1076 716 componendam

154 744 335 808 documenta
354 765 372 808 a
391 745 496 808 multis
514 746 689 808 auctoribus
708 764 772 807 esse
791 752 975 809 mutuatum.
991 744 1078 820 Quod

154 853 191 915 ad
211 853 343 916 iliricum
365 854 583 918 occidentalem
605 861 730 935 spectat,
758 853 930 928 Hannonis,
954 853 1078 916 Graeco-

153 977 241 1034 rum,
265 960 472 1024 Romanorum
493 969 525 1023 et
547 959 642 1041 ipsius
664 959 780 1039 Polybii
803 957 994 1021 documentis
1016 976 1077 1021 nou

152 1074 323 1142 contentus,
339 1067 442 1130 retulit
453 1085 575 1149 quoque
589 1067 726 1148 ipsorum
736 1065 948 1145 indigenarum
960 1064 1079 1146 opinio

152 1193 215 1239 nes.
232 1174 289 1250 Qui
304 1193 374 1238 vero
387 1194 451 1238 esee
464 1183 590 1256 possunt
605 1175 637 1237 hi
651 1174 816 1254 indigenae?

192 1282 341 1347 PexJuba
355 1283 488 1364 plurima
501 1283 648 1346 dentrice
660 1283 779 1364 scriptis
792 1283 935 1365 prodidit,
946 1302 1002 1346 nec
1016 1286 1080 1363 ejus

107 1414 111 1426 =
153 1390 362 1453 auctoritatem
380 1393 438 1453 hac
459 1390 497 1452 de
518 1398 602 1472 parte
625 1390 696 1453 licet
718 1391 875 1466 omittere;
898 1410 1003 1454 verum
1018 1391 1081 1454 Pli-

154 1496 232 1571 nius,
249 1496 367 1578 quoties
377 1497 488 1560 tubam
499 1497 650 1578 sequitur,
663 1496 739 1561 tanti
750 1497 882 1560 auctoris
895 1515 1006 1558 nomen
1019 1515 1080 1558 non

153 1602 296 1684 praeterit,
321 1603 363 1666 ita
382 1613 416 1665 ut
436 1602 513 1665 illud
527 1603 739 1683 indigenarum
753 1602 928 1682 ignotorum
942 1603 1081 1665 testimo-

154 1711 241 1772 nium
261 1729 325 1774 uon
347 1729 489 1792 magnam
511 1711 592 1793 apud
617 1730 672 1773 nos
693 1711 785 1773 fidem
803 1711 946 1792 consequi
961 1713 1077 1775 debeat.

153 1819 281 1882 Difficile
292 1828 346 1895 eat,
358 1820 508 1896 Aeaeum,
524 1828 554 1883 et
570 1821 644 1884 l't'or
657 1827 688 1883 et
700 1819 783 1883 Pltut
797 1838 988 1899 cognoscere.
1011 1821 1080 1884 Scio

154 1926 277 2010 quidem
299 1928 351 1990 illa
382 1928 507 1992 nomina
529 1929 744 2005 Ptolemaeum,
768 1935 845 2012 Δι”ουρ
873 1938 903 1993 et
930 1936 990 2011 aaut
1012 1933 1079 1993 red-

36 2124 38 2128 ·
154 2035 233 2110 dere,
256 2035 308 2097 sed
328 2035 458 2097 arbitror
478 2035 579 2116 potius
600 2056 637 2099 ex
660 2037 802 2119 operibus
821 2037 911 2101 Plinii
934 2056 1027 2118 quam
1045 2051 1081 2099 ex

154 2141 219 2222 ipsa
238 2134 381 2206 locorum
395 2143 619 2225 fluminumque
640 2145 757 2208 notitia.
773 2145 817 2208 Ne
830 2145 922 2225 igitur
936 2163 1082 2208 conemur

154 2269 208 2312 eos
222 2266 327 2312 amnes
348 2250 503 2331 detegere,
525 2269 622 2333 quum
636 2251 736 2314 forsan
757 2253 820 2332 jam
843 2261 1079 2317 memoratorum

155 2357 316 2420 lluminum
330 2356 446 2420 diversa
460 2358 578 2438 possint
589 2377 653 2421 esse
665 2359 822 2422 vocabula.

193 2463 281 2527 Nunc
294 2471 407 2538 autem,
423 2464 483 2526 oris
496 2464 770 2545 circumnavigatis‚
784 2474 952 2529 avertamus
963 2468 1078 2543 oculos,

153 2576 183 2632 et
193 2569 223 2632 in
232 2569 387 2633 Oceanum
395 2570 1080 2652 prospicientes,recognoscamusinsulashuic

154 2679 320 2741 continenti
331 2679 537 2743 circumfusas.
547 2679 645 2743 Plinio
654 2679 778 2760 quidam
788 2680 977 2741 celebrantur
986 2681 1080 2742 Cerne

154 2787 300 2862 Atlantia,
325 2788 477 2868 Gorpadcs
490 2795 521 2849 et
535 2790 724 2851 Fortunate.
747 2787 808 2851 Nos
821 2768 924 2853 in'ltac
943 2787 1080 2868 descrip-

154 2893 238 2957 tione
256 2913 318 2956 non
336 2893 414 2974 fugit
438 2894 572 2956 Plinium
588 2896 625 2957 ab
643 2894 799 2974 Erythraeo
813 2893 890 2954 mari
910 2893 1079 2974 proiectum

154 3001 265 3064 Oceani
292 3002 433 3064 Atlantici
461 3002 574 3064 insulas
600 3002 765 3064 ameridie
784 3001 821 3083 ad
844 3001 1079 3082 septentrionem

154 3109 410 3190 praeternavigare.
431 3109 564 3171 Primam
583 3117 684 3170 autem
698 3115 847 3169 memorat
862 3107 967 3184 Cerne,
987 3126 1079 3188 quam

153 3213 204 3289 ait,
220 3215 348 3296 Polybio
357 3221 490 3289 auctore,
507 3225 570 3277 etse
589 3222 694 3276 contra
710 3214 871 3276 Atlantem.
894 3212 957 3276 Nisi
977 3221 1079 3275 cutem

153 3321 362 3384 admiserimus
375 3322 526 3385 Atlantem
547 3322 606 3385 dici
627 3339 781 3404 quemque
802 3320 997 3384 occidentalis
1019 3341 1079 3384 orat

153 3439 305 3509 montem,
326 3429 474 3493 miremur
499 3430 573 3512 quid
592 3429 707 3492 Plinius
727 3429 811 3504 velit,
827 3447 924 3510 quum
943 3430 1078 3508 eJusdem
1097 3410 1099 3413 ’

153 3537 328 3601 auctoritate
341 3540 488 3619 prodatur
501 3546 611 3600 terram
624 3538 723 3600 multo
737 3555 828 3618 supra
847 3538 925 3599 lianc
946 3537 1077 3598 insulam

153 3647 193 3710 ad
204 3666 347 3710 occasum
358 3647 449 3710 flecti.
472 3647 541 3721 Sed,
563 3644 741 3728 opinionem
755 3628 874 3707 anobis
891 3644 1078 3725 propositam

154 3754 259 3832 secuti,
274 3754 416 3817 facillime
425 3752 541 3834 Polybii
554 3753 646 3815 Cerne
659 3752 852 3833 agnoscimus
863 3751 894 3812 in
911 3769 1016 3813 unaex
1028 3750 1079 3814 iu*
