2648 4560
586 296 626 322 ·..
648 274 685 339 50
710 309 745 319 ..

247 409 276 469 6.
300 406 383 471 Ultra
405 378 592 483 solitedines
618 408 649 470 in
672 409 779 471 mediis
796 406 896 487 terris,
917 397 969 473 sed
990 421 1136 476 oceasum

204 514 342 595 propius,
358 515 490 579 Perorsis
503 514 695 597 AEthiopibus
708 515 824 594 aflines,
833 523 867 580 ut
876 517 918 579 ait
931 517 1057 593 Plinius,
1074 518 1135 583 Ga*

202 620 290 697 narii,
306 621 418 704 quibus
431 621 528 684 victus
543 621 664 685 dividua
678 622 810 686 ferarum
823 622 951 699 viscera3
969 625 1021 688 sed
1035 626 1135 708 quum
1246 694 1248 698 ,

201 726 252 790 hic
266 729 399 809 populus
411 749 428 792 a
438 728 576 792 Paullino
589 737 784 806 memoretur,
800 729 852 812 qui
867 748 930 793 non
950 726 1040 814 longe
1053 729 1136 796 ultre

202 836 356 899 Atlantem
370 837 470 917 potuit
489 837 642 919 progredi,
658 837 733 900 citra
750 838 871 900 Sobora
883 838 1035 902 decenum
1048 840 1154 916 hott,

192 951 281 1022 ‚tusae
297 943 373 1005 mibi
386 944 515 1008 videtur.
533 944 649 1008 Plinius
662 952 774 1021 eutem,
788 964 884 1027 quum
898 946 1026 1010 audierit
1038 948 1134 1013 tuna*
1239 980 1253 992 ·-

204 1049 265 1114 rios
282 1070 345 1114 esse
363 1053 442 1115 ultra
461 1051 660 1128 solitudines,
681 1053 750 1115 ideo
762 1052 895 1115 Perorsis
915 1053 1019 1116 affines
1043 1054 1131 1134 dixit,

71 1134 78 1146 ’
105 1189 108 1194 v
203 1157 258 1220 etsi
279 1158 372 1239 longo
396 1159 565 1234 intervallo
590 1159 679 1222 utin
703 1158 784 1239 picta
807 1161 910 1222 tabule
936 1177 1058 1224 cernere
1074 1170 1133 1240 est,

204 1266 336 1349 proximi
353 1264 547 1348 'AEthiopibus
565 1265 688 1330 luerint.

242 1375 272 1438 7.
293 1375 407 1437 Vesuni
423 1374 492 1455 ipsi,
504 1374 574 1436 licet
591 1373 690 1437 ultimi
709 1375 770 1436 sint
788 1375 985 1456 Getulorum,
1002 1377 1079 1439 versi
1093 1378 1133 1441 ad

203 1481 360 1562 AEthiopas
384 1481 502 1561 lmodo,
515 1498 586 1544 oum
613 1480 806 1543 Autololibns
830 1480 953 1563 juncti),
974 1483 1132 1564 propriam

178 1607 180 1610 ’
201 1596 322 1667 gentem
331 1590 550 1654 constituerent
561 1610 568 1666 ;
580 1591 619 1654 ad
627 1589 815 1671 superiorem
829 1588 1028 1658 solitudinum
1038 1590 1132 1654 linem

201 1695 387 1773 habitabant,
396 1698 443 1760 vel
455 1697 568 1760 fertiles
579 1696 696 1760 arenosi
708 1697 800 1759 maris
810 1696 924 1759 insulas
935 1698 1041 1760 saltem
1050 1705 1132 1761 tene-

202 1802 284 1879 bant,
301 1804 393 1884 longo
413 1824 536 1886 quoque
556 1804 714 1867 intervallo
732 1804 770 1867 eb
784 1803 976 1886 AEtbiopibus
991 1806 1129 1887 separati.

239 1909 299 1988 Qui
317 1918 419 1973 autern
436 1920 521 1974 erant
540 1909 676 1975 Gaetulice
697 1908 796 1973 fines?
813 1910 924 1975 Nullus
941 1912 1151 1993 geographie

200 2017 328 2099 scriptor
341 2021 398 2081 hos
412 2019 581 2101 dispescsre
602 2019 728 2082 studuit.
751 2019 813 2082 Neo
826 2018 994 2094 immerito3
1017 2021 1130 2083 etenim

199 2125 252 2206 qui
267 2126 343 2189 fines
352 2127 400 2188 his
414 2127 537 2209 populis
550 2146 613 2190 esse
627 2134 777 2208 poterent,
786 2127 850 2209 qui,
860 2127 928 2208 vagi
940 2135 971 2190 et
983 2129 1128 2210 palantes,

198 2251 303 2296 secum
319 2233 437 2296 divitias
456 2254 525 2297 suas
545 2233 683 2310 terentes,
700 2233 731 2297 in
746 2234 810 2298 dies
824 2243 946 2316 penates
959 2247 988 2298 ot
1001 2233 1130 2319 petriam

200 2342 378 2404 mutobont‘l
391 2343 532 2405 Attamen
552 2343 612 2428 dici
627 2349 726 2423 potest
740 2342 876 2417 Gaetulia,
893 2343 1129 2425 septentrionem

199 2468 312 2531 versus,
327 2471 345 2513 a
365 2451 477 2516 Mauris
490 2458 520 2515 et
537 2450 688 2528 Numidis,
704 2451 854 2514 orientem
868 2468 981 2523 versus,
1003 2469 1021 2512 a
1039 2450 1129 2514 Gerae

199 2559 364 2637 montibus,
373 2558 532 2623 meridiem
544 2579 658 2637 versuo,
666 2559 882 2624 solitudinibus
889 2557 1129 2622 terminariller

198 2686 249 2729 sus
258 2686 411 2745 occasum,
420 2687 455 2731 ee
464 2684 561 2750 usque
574 2669 613 2732 ad
627 2668 783 2732 Oceanum
794 2667 945 2749 petebat„
954 2685 1051 2748 quum
1064 2667 1129 2730 Gee-

197 2772 291 2836 tulici-
308 2774 426 2855 scopuli
446 2775 615 2839 muricibus
642 2795 677 2838 ao
690 2775 834 2857 purpuris
851 2773 1124 2855 exquirerentur.»

197 2879 282 2942 Idem
296 2880 386 2942 refert
399 2882 586 2964 Pomponius
606 2883 693 2948 Melo.
719 2881 785 2946 imo
799 2882 972 2945 dubitatum
987 2889 1031 2944 est
1051 2901 1127 2946 num

93 2996 99 3009 ’
197 2986 318 3063 Ooeono
333 2990 556 3067 terminaretur,
571 3006 669 3073 quum
682 3011 719 3053 ex
738 2991 890 3053 viatorum
904 2991 1127 3054 narrationibus

100 3177 103 3182 ι
195 3104 312 3159 constet
326 3097 440 3161 insulas
453 3098 594 3162 Canaries
607 3098 698 3161 luisse
710 3099 860 3162 habitatas
880 3099 1016 3162 lierbene
1030 3100 1122 3179 genti,

197 3223 289 3287 quarn
299 3225 442 3269 vocavere
462 3207 630 3282 Gunnobes,
646 3226 684 3270 ex
698 3206 833 3283 Getulis,
845 3213 880 3269 ut
893 3206 1056 3271 verisimile
1068 3218 1122 3281 est,

195 3311 310 3376 incerto
325 3322 461 3396 tempore
479 3322 588 3378 ortam„
613 3312 657 3378 Ita
679 3314 820 3391 Getulis,
839 3315 1013 3378 avicesimo
1028 3316 1126 3396 iongi-

193 3420 309 3483 tudinis
322 3420 383 3483 iere
396 3421 492 3500 gradu
510 3422 549 3483 ad
562 3422 730 3500 Oceanum,
746 3422 825 3483 inter
838 3409 1016 3485 vicesimum
1029 3423 1123 3504 septis

192 3546 280 3591 mum
289 3526 513 3590 ettrioesimum
524 3527 647 3590 tertium
655 3529 971 3610 perallelurnjeoebat,
981 3548 1124 3612 nuncque

191 3634 224 3698 in
237 3636 361 3718 regione
372 3631 504 3716 ejecta
516 3635 771 3721 voterisnominis
785 3637 874 3701 simul
889 3646 919 3702 et
929 3638 1004 3701 situs
1017 3638 1125 3701 simili-

192 3744 331 3807 tudinem
349 3762 479 3808 servasse
494 3743 568 3805 mihi
583 3744 712 3808 videtur·
