2648 4560
578 275 616 288 ..
640 246 678 307 43
698 273 739 288 .-

234 349 312 426 Iam,
328 356 464 430 tempore
482 346 584 425 Plinii,
603 345 700 413 Mauri
716 356 768 411 aut
781 348 934 425 Maurusii,
950 351 1003 435 qui
1016 371 1117 434 quon·

194 457 265 518 dam
284 456 347 518 sere
359 463 455 519 totam
475 453 680 535 Tingitaniam
698 463 867 532 tenuerant,
891 475 908 519 a
928 457 1053 522 Gaetulis
1066 479 1119 542 op

195 563 300 643 pressi,
315 562 376 627 lere
390 562 517 627 omnino
531 563 669 626 exstincti
684 572 783 639 erant;
795 564 869 627 duas
883 565 1003 629 tantum
1016 575 1120 648 gentes

194 669 226 733 in
246 670 424 736 Mauritania
438 672 554 735 Plinius
568 680 726 748 memorat,
742 671 860 737 Mauros
873 681 903 735 et
923 673 1117 756 Massaesylos.

193 778 350 860 Masaesyli
374 787 404 842 et
429 779 569 861 Massyli,
601 787 636 841 ut
663 779 778 842 catenis
798 779 996 862 scriptoribus
1021 782 1119 846 visum

193 894 248 960 est,
266 905 328 949 non
340 887 447 966 Mauri,
472 888 525 951 sed
544 887 681 951 Numidae
701 887 833 951 habendi
857 897 943 965 sunt;
960 890 1043 972 quod
1056 910 1119 954 uon

194 991 286 1055 modo
299 992 416 1057 diversa
429 993 602 1056 testimonia
625 992 775 1074 aperiunt,
798 994 850 1056 sed
878 994 1011 1057 nominis
1024 994 1120 1077 ipsius

193 1100 400 1165 consonantia.
417 1101 496 1167 Mela
511 1109 623 1177 autem,
639 1101 695 1164 etsi
719 1120 780 1165 non
796 1101 862 1178 ¹alia
876 1102 1051 1168 Maurorum
1065 1124 1120 1187 po·

193 1210 337 1290 pulomm
351 1209 477 1272 nomina
491 1209 639 1289 perhibet,
659 1216 761 1270 tamen
780 1217 917 1291 potentes
930 1229 966 1274 ac
978 1211 1120 1276 florentes

193 1335 245 1379 eos
256 1316 403 1390 declarat;
420 1316 460 1378 ita
472 1324 506 1379 ut
518 1335 552 1378 ea
566 1315 649 1378 natio
662 1310 805 1397 oppressa
818 1317 909 1381 fuisse
919 1319 1069 1383 credenda
1081 1321 1119 1383 sit

194 1440 256 1485 non
270 1424 363 1486 modo
375 1443 392 1485 a
406 1421 541 1499 Gaetulis,
558 1425 640 1486 seda
657 1423 821 1503 Romanis,
836 1425 961 1489 Claudio
981 1427 1116 1506 jubente,

194 1527 225 1593 in
234 1530 412 1596 Mauritania
426 1531 617 1595 bellantibus.
633 1531 717 1610 Quos
730 1532 855 1614 quidem
877 1554 893 1596 a
913 1535 1056 1598 Romanis
1073 1537 1119 1598 la-

194 1638 326 1715 cessitos,
343 1659 440 1722 quum
454 1639 485 1703 in
501 1641 632 1704 Gaetulos
646 1640 690 1704 vis
704 1662 721 1704 a
740 1649 824 1723 tergo
841 1643 1033 1723 propelleret,
1050 1642 1119 1706 Ge-

194 1746 262 1822 tuli,
283 1756 318 1810 ut
328 1767 382 1810 sua
395 1747 600 1824 defenderent,
617 1751 719 1812 hostes
733 1747 873 1813 fortuitos
893 1759 1117 1833 oppresserunt.

234 1856 374 1919 Attamen
391 1857 539 1939 quamvis,
555 1857 663 1940 primis
677 1857 795 1940 imperii
810 1857 1009 1942 temporibus.
1024 1858 1118 1924 Mauri

194 1963 349 2048 perierint,
365 1964 448 2046 regio
462 1983 555 2046 quam
569 1965 759 2029 incoluerant
768 1984 881 2029 nomen
895 1966 976 2048 apud
985 1974 1120 2048 posteros

194 2072 331 2148 servavit,
340 2071 606 2154 Mauritaniaquea
620 2073 767 2136 Strabone
778 2081 808 2136 et
817 2075 979 2156 Ptolemaeo
993 2073 1050 2137 fuit
1063 2094 1120 2156 ap·

194 2179 391 2259 pellatalmo
403 2181 461 2244 hoc
474 2197 587 2242 nomen
604 2179 696 2242 etiam
717 2181 852 2244 trabum
872 2189 958 2245 atate
981 2183 1118 2261 revaluit,

187 2305 292 2375 ,quum
306 2286 458 2367 Hispania
475 2287 690 2363 dominatores,
704 2287 827 2353 Mauria
840 2289 1008 2369 regioneex
1017 2309 1076 2372 qua
1088 2289 1119 2353 in

194 2392 371 2475 Hispaniam
385 2393 546 2471 irruerant,
562 2392 745 2458 dicerentur.
762 2394 865 2459 Servat
878 2403 908 2459 et
926 2395 1017 2459 hodie
1037 2396 1119 2476 regio

194 2518 306 2564 nomen
319 2502 439 2565 Moror.
472 2516 474 2521 ·
544 2582 547 2592 Ι

235 2607 343 2675 Gaetuli
358 2609 439 2672 ultra
447 2609 568 2675 Mauros
582 2617 612 2672 et
622 2608 769 2674 Numidas
786 2609 972 2673 habitabant.
985 2609 1121 2673 Fortasse

194 2734 291 2799 quum
312 2717 451 2780 nondum
475 2716 683 2781 invasionibus
702 2717 852 2779 deturbati
867 2724 976 2794 essent,
991 2715 1121 2780 fertilem

193 2822 273 2884 hanc
285 2842 370 2885 oram
380 2832 551 2901 tenuerant,
565 2824 676 2907 quibus
690 2824 761 2886 novi
776 2823 947 2887 insederant
961 2824 1078 2899 incolae,
1087 2832 1122 2888 ut

194 2948 231 2990 ex
242 2929 376 2993 Sallustii
389 2932 457 2994 loco
471 2939 612 3013 apparet:
634 2929 788 2994 «Africam
800 2929 888 2993 initio
903 2931 1036 2995 habuere
1051 2932 1121 2996 Ga·

195 3036 250 3099 tuli
264 3044 294 3100 et
308 3037 429 3120 Libyes.
439 3086 458 3100 ..
475 3062 489 3097 a
504 3038 574 3113 Sed,
585 3045 723 3118 tempore
738 3037 840 3112 Plinii,
857 3034 985 3101 omnino
999 3058 1016 3101 a
1030 3039 1122 3104 maris

195 3143 347 3209 littoribus
355 3153 441 3209 erant
450 3145 574 3228 repulsi.
588 3145 656 3209 lmo
665 3145 741 3207 adeo
750 3147 788 3208 ab
798 3146 926 3228 Europae
937 3148 1027 3210 rebus
1037 3167 1121 3212 aver-

195 3254 346 3331 tebantur,
364 3263 408 3330 ut,
430 3253 586 3336 republica
607 3255 748 3329 florente,
769 3255 922 3318 Romanos
936 3254 1119 3335 ignorarent.

195 3358 355 3423 Sallustius
369 3361 479 3425 iterum
494 3361 597 3425 addit:
611 3361 789 3440 «iugurtha,
808 3379 862 3442 per
875 3379 999 3442 magnas
1012 3362 1122 3425 solitu-

196 3466 280 3530 dines
294 3486 365 3530 cum
384 3469 489 3548 paucis
505 3468 667 3550 proiectus,
684 3467 821 3550 pervenit
840 3470 878 3533 ad
897 3469 1046 3545 daturos,
1068 3490 1122 3551 ge-

196 3592 254 3637 nus
286 3575 448 3637 hominum
478 3574 576 3638 ferum
606 3575 829 3658 incultumque,
860 3583 891 3639 et
920 3595 957 3641 eo
987 3584 1123 3661 tempore

197 3680 337 3762 ignarum
346 3679 479 3744 nominis
491 3680 631 3745 Romani.
651 3706 666 3741 a
