2648 4560
586 293 743 352 ..52-

242 422 474 488 Garamantibus
483 421 555 484 urbs
568 420 624 484 fuit
638 423 776 496 Garama,
787 442 854 506 quae
867 432 983 488 servato
1000 423 1125 487 nomine

201 528 469 607 Djermainsignes
482 527 670 609 antiquitatis
684 528 787 591 ruinas
802 531 943 593 ostendit.

239 635 298 698 Sed
312 636 415 698 multae
428 634 492 696 aliae
510 634 633 696 luerunt
647 636 865 699 Garamantum
888 638 999 710 urbes,
1018 637 1072 718 qui
1093 637 1124 698 in

200 742 375 804 innumeras
399 741 536 804 nationes
559 749 645 804 erant
667 742 764 804 divisi.
788 743 909 806 Etenim
929 745 1126 808 Garamantes

198 848 328 911 habendi
342 858 413 910 sunt
433 866 540 910 omnes
557 847 610 929 qui
623 848 755 910 Africam
769 848 787 911 ai
800 853 948 930 Baqroda
963 850 1001 912 ad
1014 852 1125 931 AEgyp-

198 964 264 1017 tum
277 963 424 1027 tenentes,
439 972 500 1016 non
514 973 552 1016 ex
565 955 692 1017 coloniis
706 955 1126 1036 Grecisautltomanisorigi-

198 1080 269 1124 nem
283 1063 425 1126 habuere.
587 1067 589 1071 ’
1167 1065 1169 1070 ’

236 1167 341 1246 Quum
366 1168 555 1250 Pomponius
580 1169 658 1235 Mela
680 1169 833 1243 scriberet,
850 1170 1046 1233 Garamantes
1063 1168 1125 1232 fere

195 1278 323 1339 omnino
338 1276 434 1356 ignoti
448 1284 550 1351 erant;
563 1276 633 1338 inde
643 1275 759 1338 fabulas
771 1275 831 1338 sere
840 1277 961 1338 easdem
969 1278 1006 1338 de
1019 1276 1067 1338 his
1073 1295 1125 1355 ag-

194 1392 277 1464 gerat
284 1403 318 1447 ac
327 1384 364 1446 de
371 1384 541 1446 Atlantihus
548 1391 578 1445 et
591 1382 732 1464 Blemyis.
748 1381 793 1444 le
807 1401 869 1464 quo
882 1392 985 1446 autem
998 1384 1125 1465 scripse

193 1491 330 1567 ratldela,
340 1491 617 1554 bellumveritatem
626 1490 824 1571 exprompsit.
836 1490 993 1554 Cornelius
1000 1490 1122 1567 Balbus,

194 1607 223 1661 et
233 1617 315 1676 mox,
328 1607 362 1662 ut
377 1598 493 1661 Plinius
505 1606 665 1673 memorat,
674 1596 875 1679 Vespasianus
886 1605 1004 1661 certum
1017 1599 1056 1659 ad
1067 1599 1124 1662 Ga·

194 1708 602 1770 ramentasiterinvenerant.
614 1707 746 1782 Sed,etsi
754 1707 838 1771 Balbi
846 1706 1038 1788 expeditione
1045 1706 1124 1768 mul-

194 1823 260 1879 tum
268 1816 416 1879 creverint
426 1816 700 1880 deGaramantibus
709 1814 926 1891 notiones,non
934 1822 1046 1890 tamen,
1057 1816 1124 1878 Bal-

193 1924 268 1986 bum
277 1925 416 2000 arbitror,
428 1933 463 1986 ut
475 1925 598 1988 Dureau
611 1943 650 1986 uu
664 1943 700 1986 m
712 1923 825 2000 Manen,
840 1943 937 2007 usque
950 1924 989 1986 ad
1001 1923 1124 2003 Apadez

192 2033 370 2112 pervenisse.
386 2032 519 2108 Etenim,
535 2030 644 2094 omissa
656 2041 719 2093 tam
733 2031 892 2114 longinqui
907 2031 1022 2094 itineris
1041 2031 1122 2092 diffi-
1171 2089 1175 2095 .

192 2142 315 2217 cultata,
331 2159 393 2203 uon
408 2141 470 2218 hic,
486 2148 520 2202 ut
538 2140 570 2200 in
583 2139 740 2203 Hannonis
765 2139 895 2220 Periplo,
917 2158 1039 2203 censere
1053 2139 1123 2202 licet

192 2250 307 2329 majora
334 2256 453 2312 tantum
477 2247 610 2311 inscribi.
643 2247 703 2311 Sed
728 2247 889 2310 verisimile
916 2256 962 2310 est
987 2267 1058 2310 eum
1084 2248 1123 2310 ad
1220 2233 1226 2247 ’

193 2356 362 2435 augendam
376 2355 525 2445 triumphi
548 2372 715 2448 pompam,
737 2373 843 2416 omnes
859 2354 938 2429 fere,
967 2374 1028 2416 nou
1053 2354 1122 2417 dico

195 2464 294 2537 urbeS,
314 2462 367 2525 sed
377 2481 459 2526 casas
471 2461 637 2524 reddidisse
648 2480 723 2543 quas
737 2471 943 2543 conspexerat.
959 2461 1122 2542 Siquidem

194 2589 286 2633 omne
299 2571 420 2632 Sobara
434 2580 629 2652 peragrasset,
658 2588 720 2633 nou
744 2579 824 2632 certe
840 2572 899 2633 hoc
923 2571 979 2633 iter
1001 2568 1122 2632 silentio

194 2677 354 2756 obruisset,
365 2678 418 2740 sed
431 2678 463 2739 in
477 2677 711 2742 admirationem
725 2677 817 2740 totius
827 2678 909 2739 orbis
922 2676 1120 2758 prodidisset;
1223 2678 1236 2693 ‘

193 2779 234 2842 ita
245 2791 280 2845 ut
292 2782 420 2846 arbitrer
440 2801 512 2845 aum
525 2801 588 2844 non
601 2801 637 2845 ex
658 2783 805 2844 Phazania
826 2783 943 2858 exiisse,
959 2790 989 2845 et
1003 2789 1121 2844 tantum

193 2890 268 2952 lines
281 2890 481 2953 solitudinum
502 2889 644 2969 attigisse.
662 2890 759 2953 Urbes
775 2898 806 2952 et
826 2899 931 2970 gentes
949 2897 1121 2953 memoratae

193 3014 255 3059 non
268 2996 333 3060 alie
346 3004 417 3060 sunt
432 3015 525 3078 quam
538 2995 660 3058 diversae
674 2997 781 3078 tribus,
793 3006 846 3060 aut
855 2997 887 3060 in
902 2998 1060 3075 Phazania,
1070 3005 1122 3060 aut

193 3103 226 3164 in
241 3105 360 3167 casibus
373 3104 523 3186 dispersae.

234 3211 316 3276 Inter
330 3214 525 3278 Garamantas
538 3211 757 3274 annumerandi
773 3220 843 3274 sunt
858 3231 866 3273 ε

235 3322 263 3381 l·
278 3320 428 3396 Phazanii,
445 3336 579 3402 quorum
591 3335 703 3380 nomen
719 3318 750 3379 in
764 3336 838 3380 voce
852 3321 973 3382 Fezzcc
987 3337 1049 3382 non
1064 3338 1121 3400 pe-

194 3426 246 3488 riit
255 3444 262 3488 :
272 3426 418 3491 Phazania
428 3447 461 3490 ea
475 3427 558 3507 regio
570 3427 735 3489 dicebatur.
748 3425 803 3488 llic
813 3433 843 3488 et
852 3427 943 3489 hodie
952 3425 1121 3507 reperimus

194 3535 302 3597 urbem
313 3534 566 3615 (discedentesque
576 3533 635 3595 situ
643 3541 673 3594 et
679 3533 875 3597 consonantia
890 3533 982 3597 veteri
993 3533 1120 3598 Cidamo

194 3641 350 3705 simillima
369 3647 423 3714 est,
445 3640 483 3702 de
498 3659 559 3722 qua
577 3639 688 3702 Balbus
703 3640 910 3722 triumphavit.
927 3640 997 3704 llaec
1018 3647 1120 3704 autem

113 3799 116 3803 ,
194 3732 415 3814 Phazania'sita
435 3755 479 3810 est
502 3746 580 3809 inter
603 3747 800 3811 Garamantas
817 3755 847 3811 et
861 3748 1116 3812 Hammanientes.
