2648 4560
520 300 681 366 ..37-

138 433 404 509 licissimooesu,si
414 454 497 498 casus
513 444 567 511 est,
579 436 756 517 lieetpotius
766 437 1060 501 testimoniumlmud

138 539 265 603 dubium
287 559 350 603 esse
369 541 514 615 videatur,
540 559 601 604 una
621 560 658 605 ex
684 541 732 603 his
757 543 864 605 insulis
887 551 1060 624 nuncupata

140 649 250 723 Goreo,
259 655 289 710 et
305 648 481 729 Gorgonum
495 655 525 712 et
541 648 725 713 Gorillarum
739 649 800 712 fere
822 650 949 712 omnino
963 650 1061 715 reddit

138 754 377 817 consonantiam.
394 755 438 819 Eo
450 763 551 819 autem
564 774 598 819 ea
612 756 711 819 insula
724 758 781 819 sub
792 758 869 820 ooelo
881 758 979 837 jacet,
999 779 1061 840 quo

138 842 276 943 ingentes
292 862 387 925 simia
402 862 556 941 facillime,
571 861 684 944 frigora
704 872 943 946 expavescentes,
959 884 1061 948 quon-

139 969 547 1051 demhabitarepotuerunt,
724 975 728 979 '

176 1078 222 1141 De
244 1079 426 1141 Fortunatis
445 1078 553 1142 insulis
577 1098 834 1161 supervacaneum
847 1087 891 1142 est
905 1079 1058 1144 disserere.

137 1185 258 1248 Etenim
272 1184 332 1247 lere
346 1185 489 1248 omnibus
500 1187 642 1250 convenit
655 1206 705 1250 eas
714 1206 778 1250 esse
792 1186 905 1250 insulas
918 1206 992 1268 quas
1005 1207 1062 1250 vo·

138 1290 432 1361 comedebamus:
454 1300 485 1354 et
498 1310 554 1373 ego
576 1292 771 1356 libentissime
794 1293 940 1356 assentior
966 1314 1061 1377 quum

137 1397 252 1460 Plinius
266 1415 360 1460 unam
371 1396 541 1460 Canariam
554 1399 760 1480 appellaverit.
769 1399 828 1462 Has
839 1406 941 1462 autem
950 1406 1063 1462 veteres

138 1505 254 1587 optime
262 1511 479 1585 coguoverunt,
490 1505 546 1586 ipsi
557 1505 681 1586 quidem
690 1507 891 1583 Romani,sed
898 1507 1062 1589 praesertim

138 1613 235 1687 Poeni,
264 1619 304 1687 et,
332 1613 476 1676 Romanis
502 1612 757 1693 permittentibus,
785 1614 947 1677 Poenorum
969 1616 1063 1677 haeres

138 1723 226 1789 tuba.

178 1833 266 1898 Nune
278 1833 315 1896 ad
325 1833 422 1897 Gades
429 1830 510 1893 unde
518 1829 645 1911 profecti
655 1828 841 1893 eramuslere
851 1831 1061 1907 remeavimus,

139 1948 300 2022 postquam
322 1937 532 2001 descendimus
546 1937 693 2018 usquead
707 1936 808 1999 sinum
821 1938 944 2001 Gnineoe
959 1938 1063 2000 nomi-

72 2057 76 2064 '
140 2054 257 2120 natum,
271 2045 386 2127 ubique
400 2051 538 2107 notantes
550 2044 651 2120 urbes,
663 2049 793 2119 montes,
811 2060 975 2125 amnesque
991 2063 1063 2107 oum

139 2158 275 2213 veterum
292 2150 434 2212 amnibus
447 2149 579 2210 maxime
593 2166 755 2230 congruos,
771 2157 801 2212 et
815 2148 986 2212 fabularum
999 2150 1063 2214 ori-

139 2259 242 2338 ginem
264 2257 296 2320 in
323 2256 495 2340 prodigiosa
517 2257 642 2319 veritate
666 2257 853 2337 detegentes;
875 2256 916 2320 ita
942 2264 977 2320 ut
1002 2277 1064 2322 non

140 2365 313 2427 dubitemus
335 2363 469 2427 Plinium
490 2362 593 2444 Libyae
613 2381 681 2427 oras
704 2383 721 2426 a
748 2364 881 2428 Gadibus
907 2384 1003 2446 usque
1027 2367 1065 2428 ad

140 2471 382 2553 promontorium
397 2471 535 2545 Patmos,
551 2470 719 2544 Hannonis,
734 2469 862 2550 Polybii,
878 2470 965 2534 Jubae
978 2478 1067 2532 eaete-

141 2598 306 2661 rorumque
319 2579 469 2643 viatorum
487 2577 720 2652 narrationibus,
731 2577 916 2657 cognovisse.
