2648 4560
581 292 737 353 ..rg-

198 423 314 501 insulae,
332 425 491 489 itineribus
504 425 631 489 interior
645 425 746 500 bellue,
766 424 956 487 commerciis
970 424 1077 506 populi
1093 429 1124 489 et

197 536 382 616 populorum
398 552 498 597 mores
512 533 625 614 cogniti
637 540 718 598 suut.
745 531 1124 611 Navigationibusetitine-

196 641 280 704 ribus
300 648 399 705 certus
420 640 568 704 terminus
589 639 664 719 iuit3
686 639 757 702 inde
776 644 856 700 certa
879 636 937 699 fuit
953 656 988 700 ea
1000 657 1124 719 geogra-

196 746 277 826 phia.
304 746 427 821 Etenim
451 753 550 815 rreutae
564 744 705 816 omnium
718 762 787 826 quae
802 743 978 813 invenerant
990 741 1123 817 aciones

196 852 405 929 conferebant,
426 854 518 919 duces
541 852 693 916 itineraria
720 849 942 914 successoribus
965 849 1125 930 profutura

194 979 314 1031 summa
324 980 397 1031 eura
406 961 790 1035 chartiscemmendabsnt.
806 959 1003 1031 commerciis
1017 968 1123 1025 eontra

194 1070 338 1138 nomades
358 1072 464 1152 populi
487 1091 504 1135 a
530 1071 630 1141 inedia
651 1071 744 1152 Libya
765 1069 901 1146 divitias.
925 1077 962 1137 ut
974 1075 1005 1134 et
1016 1070 1121 1147 hodie,

193 1178 401 1256 expectabant,
410 1178 702 1259 etintenoaeattbus
714 1178 811 1248 multa
820 1178 1045 1253 renuntiabant,
1053 1196 1124 1243 vera

193 1281 335 1366 salsaque¹
346 1293 438 1366 prout
451 1287 601 1355 narrantis
614 1285 772 1367 ingenium
779 1287 932 1362 suaderet;
951 1285 1025 1350 hine
1037 1288 1123 1350 mul-

193 1398 230 1453 tae
242 1392 432 1463 absurdioros
445 1393 555 1461 fabulae
571 1395 609 1457 de
628 1394 770 1461 interiore
790 1394 883 1476 Libya
905 1396 1122 1477 geographiam

87 1580 89 1584 Α
193 1493 388 1576 inquinavere
397 1515 408 1575 ;
425 1496 498 1559 hinc
512 1517 635 1580 quoque
655 1500 813 1567 nonnullae
821 1501 858 1563 de
865 1500 1008 1565 extremis
1021 1498 1123 1581 Libyae

194 1601 331 1683 pertibus
344 1603 484 1671 notiones
496 1605 593 1673 allate
606 1613 688 1687 sunt,
702 1618 779 1689 quas
791 1625 845 1688 per
859 1625 890 1671 se
903 1607 1056 1672 Romanos
1070 1616 1123 1671 aut

193 1717 329 1780 veterum
343 1730 528 1796 quemquern
542 1733 731 1795 comparasse
749 1722 840 1780 nemo
858 1714 1029 1778 contendet.
1114 1755 1115 1758 =

233 1818 350 1900 Saepius
363 1822 472 1885 classes
484 1840 619 1887 romanae
631 1821 664 1893 in
674 1841 823 1890 oceanum
836 1821 985 1899 exierunt,
1001 1821 1122 1888 etllleu-

193 1927 371 1995 ritanierum
389 1928 450 1995 oris
472 1948 570 2011 usque
592 1930 629 1992 ad
650 1930 781 1997 Atlantis
810 1931 901 2012 pedes
924 1931 1119 2011 appulerunt.

192 2035 375 2103 audaciores
383 2037 524 2118 quadam
538 2055 639 2114 naves,
650 2037 782 2103 desertas
796 2056 902 2101 arenas
909 2037 1119 2120 preterlapsae

192 2143 356 2224 aliquande
369 2143 490 2224 longius
503 2143 704 2226 navigabant;
720 2145 1120 2226 sedunusepudnomanos,

192 2247 345 2330 Polybius,
369 2247 523 2331 Scipionis
546 2251 674 2331 legatus,
698 2250 845 2320 ultimum
866 2250 1017 2319 veteribus
1037 2248 1069 2313 in
1085 2267 1123 2313 eo

193 2355 293 2424 littore
307 2357 554 2438 promontorium
567 2357 676 2441 attigit.

232 2464 335 2535 Multae
345 2465 468 2536 luerunt
480 2466 513 2531 in
528 2467 685 2537 interiores
698 2467 894 2536 tenesmisaae
903 2465 1109 2548 expeditiones

96 2568 98 2575 ’
194 2574 383 2657 geographiae
396 2581 476 2641 certe
490 2594 553 2642 non
563 2576 707 2654 tantine
725 2577 779 2642 sed
792 2573 985 2656 triumphalis
1000 2592 1122 2656 pompae

194 2703 295 2761 causa⁷
311 2683 403 2747 duces
416 2685 539 2753 nullum
552 2685 727 2755 omittentes
740 2691 792 2751 aut
805 2685 928 2760 collem,
943 2689 996 2747 aut
1008 2681 1120 2760 rivum,

192 2790 493 2871 aestuabamus
507 2811 666 2861 mensurae
677 2811 740 2857 non
760 2797 1003 2874 corrumperent,
1020 2790 1119 2867 nobis,

193 2906 226 2960 ut
240 2898 321 2979 plebi
336 2917 480 2976 romanae,
491 2898 756 2981 longioraitinera,
767 2918 861 2982 quarn
873 2898 973 2980 reipsa
982 2897 1123 2961 coniece-

193 3004 272 3073 rant,
287 2996 523 3067 assentiebantur.
534 2997 666 3062 Paullini
680 3018 792 3080 nempe
807 3006 837 3062 et
850 2997 935 3065 Balbi
955 2997 1123 3082 expeditio-

194 3122 258 3180 nes,
269 3103 362 3185 longo
370 3103 441 3170 lieet
451 3102 660 3170 inauditorum
674 3105 838 3177 nominum
847 3105 965 3185 ordine,
977 3106 1122 3171 neuseli-

195 3211 315 3283 tudines
339 3219 371 3283 ct
387 3212 540 3281 Atlantem
553 3215 737 3283 transductae
755 3222 835 3281 sunt.
866 3213 925 3279 Sed
944 3212 1127 3281 Mauritania

197 3319 288 3390 armis
302 3319 420 3385 Claudii
434 3328 538 3402 aperta
551 3329 607 3397 est,
620 3323 711 3391 tellus
728 3323 766 3387 ad
779 3324 863 3386 bunc
876 3322 959 3393 dieat
977 3321 1123 3387 Romanis

196 3431 307 3506 clausa,
322 3428 414 3502 bodie
434 3428 610 3511 alienigenis
624 3430 764 3519 nondum
777 3436 851 3497 tuta.
878 3428 937 3493 Sed
954 3428 1122 3510 praesertim

195 3537 321 3602 Neronis
351 3537 591 3618 exploratoribus
621 3544 787 3620 patuerunt
812 3536 1023 3607 remotissimae
1062 3537 1122 3603 Nili
1232 3536 1235 3541 ’

192 3669 217 3712 n
241 3670 276 3714 se.

220 3669 298 3827 pllce
309 3776 431 3840 nempe,
440 3756 656 3839 geographiam
671 3756 755 3839 apud
769 3763 883 3820 veteres
893 3756 1096 3822 scrutantibus
1110 3803 1120 3836 ,
