2648 4560
553 327 591 338 ..
636 298 732 356 49..

232 429 322 506 Quod
333 429 356 489 si
372 436 473 490 autem
488 427 535 488 istl
548 427 700 490 Romanos
714 443 775 486 non
791 394 955 498 nouerant,
971 426 1117 488 Romanis

192 537 308 618 optime
323 543 409 598 erant
426 534 501 608 noti,
517 543 552 597 ut
571 553 608 596 ex
626 533 714 596 variis
732 540 894 595 auctorum
916 532 1115 613 antiquorum

194 642 374 705 testimoniis
387 649 515 705 constat.

233 746 347 814 Rursul
355 749 531 814 Sallustius:
548 747 692 829 «asperi,
709 747 760 823 ait,
784 746 904 823 inculti,
924 747 1010 830 queis
1031 747 1118 809 cibus

194 866 257 921 erat
271 878 341 922 caro
363 857 458 920 lerina
472 864 562 938 atque
578 856 664 918 humi
680 856 831 936 pabulum
840 863 875 917 ut
889 854 1052 937 pecoribus
1064 874 1072 928 ;
1086 855 1117 914 hi

196 985 294 1048 neque
308 966 445 1029 moribus
457 983 555 1047 neque
573 966 650 1045 lege,
673 983 772 1046 neque
786 963 914 1044 imperio
939 963 1120 1044 cujusquam

196 1075 387 1154 regebantur,
402 1072 479 1153 vagi,
495 1073 640 1155 palantes,
658 1090 718 1154 qua
732 1091 793 1134 nox
803 1078 950 1150 coegerat,
966 1070 1051 1132 sedes
1063 1071 1121 1132 ha-

197 1178 349 1241 habant.»

236 1287 430 1367 Respondent
442 1294 543 1350 autem
559 1286 651 1349 bodie
673 1284 807 1358 Gaetulis,
822 1291 852 1345 et
867 1283 937 1362 situ,
960 1278 989 1346 et
1002 1283 1120 1356 habita,

198 1393 512 1458 etmoribusBerberi
528 1393 686 1456 Tooriclcs.
871 1388 873 1394 ’

237 1501 340 1567 Multae
351 1501 488 1564 nationes
501 1500 613 1583 quibus
626 1519 689 1563 non
701 1519 813 1562 nomen
829 1498 963 1576 Gaetulis,
976 1506 1077 1562 tamen
1092 1498 1123 1559 in

199 1611 337 1673 eamdem
350 1610 430 1672 hanc
443 1617 565 1690 gentem
578 1616 649 1673 sant
664 1610 807 1691 cogendae
823 1629 830 1670 :

241 1720 267 1797 l.
285 1716 405 1794 Gaetuli,
421 1725 599 1793 caeterorum
608 1715 699 1798 stirps
709 1714 741 1778 in
751 1715 864 1779 linibus
876 1715 1073 1789 Mauritaniae,
1087 1714 1126 1777 ad

200 1823 329 1887 Atlantis
341 1825 442 1905 pedes,
453 1825 695 1905 septentrionem
709 1844 824 1900 versus,
835 1825 873 1887 ad
886 1844 963 1906 quos
975 1824 1125 1905 Jugurtba

184 1932 321 1995 'Metello
334 1931 475 2010 instante,
492 1932 638 2015 confugit.

241 2045 270 2103 ἓ.
291 2040 430 2116 baniuri,
452 2042 647 2106 Autololibus
673 2043 862 2125 superioreS,
883 2042 985 2124 ipsum
1008 2041 1127 2104 Atlanta

202 2147 302 2211 forsan
317 2150 476 2225 tenebant,
497 2158 528 2212 et
542 2159 670 2232 possunt
683 2150 804 2234 agnosci
820 2151 852 2213 in
874 2149 1029 2234 hodiernis
1043 2148 1128 2211 istius

203 2254 315 2318 montis
325 2255 443 2332 incolis
458 2276 551 2333 nunc,
566 2266 600 2321 ut
607 2259 726 2336 Gaetuli,
742 2242 865 2335 seroces,
875 2259 1044 2334 alacres,ad
1058 2259 1128 2320 bel-

204 2364 1130 2451 lumprompti‚HosautemPtolaemeusnarrata-ainterblan-

204 2471 299 2534 rusias
312 2480 415 2551 gentes
437 2483 627 2551 annumerat,
642 2477 714 2558 qaia
734 2477 945 2540 Mauritaniam
959 2494 1127 2557 occuparem

204 2588 282 2644 rant.
298 2580 402 2659 Quum
412 2589 514 2645 autem
529 2582 644 2646 Plinius
655 2585 845 2648 Gaetulorum
858 2585 890 2645 in
903 2583 1023 2649 Mauros
1033 2583 1128 2646 victo-

205 2687 264 2749 rias
275 2688 389 2769 optime
396 2688 536 2764 novisset,
546 2690 628 2753 haud
638 2690 742 2753 omisit
751 2691 913 2767 declarare,
923 2693 988 2764 bos,
1001 2708 1130 2771 usurpa-

206 2797 238 2853 to
251 2793 328 2870 solo,
339 2798 459 2858 Mauros
473 2794 579 2873 factos,
593 2794 742 2860 Gaetulico
754 2804 856 2859 tamen
874 2804 957 2860 ortos
970 2797 1127 2876 sanguine.
1223 2826 1226 2832 ·

248 2905 276 2964 3.
289 2899 325 2963 ln
340 2900 448 2964 mediis
460 2901 558 2982 terris,
573 2902 731 2965 meridiem
745 2922 857 2980 versus,
866 2904 975 2968 Gaetuli
986 2904 1083 2979 Darae,
1093 2903 1131 2966 ab

207 3007 324 3085 Dorob,
340 3010 508 3090 autDprc's,
523 3009 611 3072 idest
628 3017 731 3072 monte
745 3011 879 3090 Atlante,
889 3012 1025 3077 nominis
1036 3010 1132 3091 origi·
1236 3008 1243 3023 ‘

208 3116 455 3178 nemtrahentes.

251 3227 278 3287 l.
293 3224 457 3298 Autololes,
474 3243 511 3287 ex
524 3224 646 3286 adverso
658 3223 798 3300 Atlantis,
811 3244 906 3307 usque
921 3226 952 3287 in
967 3245 1054 3289 oram
1069 3246 1132 3289 ma-

210 3329 343 3392 ritimam
356 3328 480 3405 extensi,
501 3328 640 3391 homines
654 3328 721 3404 feri,
737 3331 926 3394 Gaetulorum
941 3352 1015 3413 gens
1027 3341 1134 3414 poten-

210 3437 335 3500 tissima.
443 3426 448 3435 ’
1184 3414 1187 3421 ¹

251 3549 280 3608 5.
302 3545 338 3607 lu
357 3543 555 3608 solitudinum
570 3544 721 3607 littoribus
743 3545 821 3608 inter
843 3548 975 3611 Gaetulos
994 3550 1062 3612 duae
1081 3551 1136 3612 ad-

212 3652 376 3715 scribendae
398 3659 468 3714 sunt
493 3651 873 3738 pauperrimaenationes,
901 3655 993 3718 nullis
1014 3656 1135 3736 opibus,

213 3759 305 3822 nullis
317 3758 441 3834 viribus,
457 3758 591 3822 Sdelatiti
606 3766 636 3819 et
648 3759 762 3822 blasati.

976 3886 993 3946 l
