2648 4560
501 333 505 340 .
593 295 754 354 ..os-

241 420 330 500 ,Quis
350 431 452 487 autem
478 424 542 488 hio'
557 443 646 489 mons
669 426 782 490 luerit?
807 429 896 510 lljeli
914 449 954 493 an
979 409 1146 518 nojocort

214 529 319 609 Quum
340 532 458 596 Plinius
480 535 600 597 nullam
622 535 738 599 itineris
757 554 934 601 mensuram
959 536 1090 614 indicet,
1111 543 1142 598 et

215 637 293 701 nihil
306 639 362 703 hac
379 638 475 704 incra
490 641 598 703 ueteris
612 643 746 705 nominis
762 642 943 707 memoriam
955 643 1056 718 iaciat,
1069 661 1143 706 oon-

212 744 334 823 ieeturs·
347 753 468 810 tentum
483 746 653 811 ueritatem
674 767 835 830 possumus
854 747 1011 833 consequi.
1033 751 1072 813 nt
1085 767 1142 830 ego

215 851 392 932 potiusresr
404 873 469 917 esse
481 855 581 934 Djele',
596 872 695 936 quum
713 864 783 938 post
795 859 879 921 hunc
900 844 1016 920 Plinius
1029 855 1144 919 indicet

215 959 520 1036 Gaetulosrlutotoles,
532 961 586 1043 qui
595 962 650 1024 etsi
657 961 723 1025 lere
731 963 833 1026 ultimi
847 963 1001 1026 sintistius
1011 964 1144 1027 immen-

215 1085 256 1128 sae
264 1066 362 1146 gentis
371 1068 491 1150 populi,
500 1076 603 1132 tamen
616 1087 679 1132 non
687 1069 815 1133 interius
823 1071 1004 1137 solituditffi's
1012 1055 1146 1134 tenuisse

215 1173 390 1239 creduntur.
840 1261 843 1269 ι
979 1164 982 1171 ’

257 1281 403 1347 Cosmum
415 1291 444 1346 et
456 1286 624 1361 Matutam,
639 1284 765 1366 exiguos
777 1302 955 1349 esseamncs
966 1284 1054 1348 lacile
1064 1286 1146 1348 arbi-

217 1396 288 1461 trer,
304 1388 468 1470 autpotius
481 1390 689 1454 dementibus
703 1399 863 1468 torrentes,
879 1390 967 1455 certis
981 1390 1054 1454 anni
1068 1397 1147 1454 tem-

218 1495 353 1576 poribus,
370 1505 537 1582 tumentem
560 1497 637 1561 nulli
652 1505 755 1561 autem
767 1517 851 1562 nunc
865 1499 1035 1581 priscorum
1050 1498 1148 1561 nomi·

219 1621 295 1671 uum
308 1603 476 1686 quidquam
486 1605 813 1689 retinuerescelatitoa
826 1607 1009 1680 etMasotos,
1018 1624 1149 1687 pauper·

219 1710 312 1776 rimas
320 1718 350 1773 et
361 1719 566 1776 errantesessc
574 1713 683 1791 tribus,
699 1713 773 1777 huie
785 1712 902 1776 infelici
908 1721 996 1775 terrae
1002 1710 1146 1788 addictas,

220 1816 326 1898 rapina
340 1823 371 1880 et
378 1817 555 1883 crudelitate
567 1819 838 1895 viventcsroaeteris
848 1818 988 1893 infensas,
1004 1818 1060 1882 sibi
1069 1820 1151 1882 inter

221 1943 254 1989 se
264 1925 498 2001 inimicissimas,
510 1945 586 2010 quas
601 1946 691 1991 nemo
703 1927 761 1990 nisi
769 1926 912 2007 Polybius
921 1925 1064 2008 prodidit.
1074 1925 1150 1990 Flu-

222 2052 293 2097 men
317 2041 420 2098 aulem
441 2037 545 2098 Darat
558 2035 800 2117 praecedentibus
817 2036 917 2114 majus
935 2041 965 2096 et
982 2033 1151 2096 crocodilos

222 2143 317 2218 alens;
332 2141 422 2206 multi
434 2141 560 2205 nomine
571 2144 674 2205 Darat
688 2141 818 2223 decepti,
828 2141 963 2204 arbitrali
979 2146 1051 2204 sdnt
1068 2142 1151 2204 huno

225 2249 351 2313 fluuium
365 2248 536 2330 praeterlabi
544 2250 660 2313 incolas
672 2248 826 2312 montium
835 2248 954 2326 Daret,
964 2256 1017 2311 aut
1026 2250 1150 2322 Darou,

223 2374 301 2438 quos
309 2342 429 2419 montes
438 2356 595 2419 contendit
602 2357 748 2422 Gessnnn
754 2355 947 2418 eosdemesse
953 2373 989 2418 ac
999 2377 1014 2413 (ι
1025 2355 1151 2436 Dyrta.»

225 2463 281 2527 llic
293 2463 513 2535 autemamnis
530 2463 622 2544 longe
642 2464 681 2527 ab
695 2463 816 2528 Atlante
835 2463 930 2542 abest3
945 2462 998 2524 sed
1017 2462 1153 2525 animad-

226 2571 463 2636 vertendumest
483 2571 617 2635 Gaetulos
628 2574 743 2648 Daras,
759 2571 812 2654 qui
831 2588 915 2633 nunc
926 2569 1152 2632 Durclvocem

226 2676 368 2751 reddunt,
383 2695 401 2739 a
414 2675 514 2739 Plinio
529 2675 655 2758 quidem
670 2685 866 2752 memoratos,
881 2675 934 2738 sed
956 2674 989 2736 in
1012 2671 1155 2737 interiore

226 2793 318 2858 ternu
340 2783 372 2845 in
392 2782 493 2845 littore
510 2801 581 2846 vero
590 2781 929 2863 DorctitmAEthiopas,
944 2800 962 2844 a
975 2780 1102 2844 llumine
1115 2782 1155 2844 si-

227 2896 286 2955 nus
297 2889 428 2969 ingentis
447 2890 607 2953 interuallo
621 2891 760 2972 separati,
775 2890 901 2953 nomine
915 2907 971 2951 suo
984 2888 1117 2952 litteram

227 3004 387 3060 servantes.
403 3000 484 3077 Ergo
499 3013 619 3058 nomen
643 2998 747 3058 Darat
766 2996 918 3077 originem
936 2996 1000 3057 nou
1012 2995 1104 3058 habet
1116 2997 1155 3058 ab

228 3110 333 3169 monte
339 3101 438 3179 Bora,
452 3108 506 3165 aut
515 3102 553 3164 ab
563 3100 686 3183 populis
699 3102 807 3175 Daris,
816 3099 869 3182 qui
877 3100 977 3162 multo
986 3105 1058 3162 sunt
1067 3118 1157 3180 supe

229 3209 323 3272 riores
335 3209 390 3273 Sin
403 3217 506 3273 autem
518 3217 693 3290 reputemus
713 3209 818 3289 lingua
839 3206 1052 3286 indigenarum
1066 3208 1157 3268 Dara

229 3326 283 3382 aut
295 3316 562 3397 praesignificare
576 3317 731 3397 ingentem
744 3314 970 3397 aquaeoopiam,
982 3313 1059 3377 nihil
1073 3312 1157 3376 aliud

230 3425 287 3488 hac
308 3443 382 3487 voce
397 3425 618 3487 contendemus
639 3422 783 3487 declarari
804 3420 862 3484 nisi
881 3421 965 3502 quod
978 3419 1086 3499 ingens
1099 3421 1158 3484 hoc

232 3535 346 3595 llumeu
369 3529 403 3592 in
415 3548 499 3593 mare
512 3529 627 3592 delluit.
653 3529 754 3591 llltera
768 3535 871 3589 autern
883 3534 914 3587 et
934 3524 1047 3605 duplex
1068 3542 1158 3588 cause

231 3647 275 3702 est
288 3658 343 3703 our
363 3638 445 3700 hunc
458 3655 580 3700 ornnem
594 3654 656 3698 non
680 3636 770 3715 longe
789 3653 807 3696 a
827 3632 945 3713 tropico
964 3649 1028 3692 esse
1041 3631 1169 3694 distan-'

232 3754 294 3813 tem
307 3743 499 3808 arbitremur.
515 3743 616 3806 Primo
629 3741 700 3824 quia
714 3738 829 3805 Plinius
841 3736 972 3800 affirmat
990 3736 1159 3798 crocodilos
