2648 4560
628 291 790 352 ..qq-

241 425 294 488 illa
311 424 497 506 superstitio,
509 421 705 504 antiquorum
722 430 897 503 temporum
910 421 1088 515 haeredium,
1103 421 1171 502 pie-

242 534 295 596 tati
312 532 479 615 supervixit
495 531 577 614 apud
593 531 785 594 incredulum
798 531 932 594 Plinium
940 548 1004 594 non
1012 530 1169 594 exstincta.

244 642 359 706 Eadem
367 641 419 703 ille
427 647 529 708 mente
539 638 755 721 geographiam
766 646 894 714 tractat;
921 638 1029 702 itinera
1040 637 1174 701 ducibus

244 756 376 830 peracta,
391 748 482 810 urbes
501 747 641 825 coloniis,
658 745 689 809 id
706 755 752 810 est
770 746 900 828 imperio
918 744 1031 824 faciles,
1046 746 1170 829 oppida,

245 855 367 918 castella
380 856 418 918 ad
432 855 602 936 augendam
616 855 720 918 Romae
733 853 901 934 potentiam
911 851 1071 934 investigat
1082 859 1176 934 atque

245 969 385 1043 occupat.
398 961 467 1026 Non
478 961 591 1024 oblitus
603 969 659 1036 est,
670 971 763 1043 quam
775 961 931 1042 regionem
941 961 1004 1022 dux
1016 959 1068 1023 ille
1081 959 1177 1022 armis

245 1066 412 1148 pacaverit3
431 1067 470 1129 de
492 1085 554 1147 qua
579 1073 658 1129 terra
678 1066 729 1129 hic
742 1067 908 1147 imperator
929 1065 1172 1147 triumphaverit,

247 1175 360 1256 quihus
394 1174 624 1237 conditionibus
649 1173 736 1237 victis
772 1173 944 1254 ignoverit;
971 1173 1026 1255 qui
1054 1180 1176 1235 montes

246 1300 320 1344 auro
332 1288 363 1344 et
380 1288 505 1362 argento
519 1280 619 1343 referti
635 1280 707 1359 sint,
723 1299 791 1363 quae
804 1280 900 1344 maria
914 1281 1058 1343 delicatos
1079 1279 1176 1361 pisces

244 1389 442 1464 abscondant,
459 1388 511 1471 qui
527 1390 620 1452 saltus
633 1389 796 1471 exquisitas
810 1389 887 1452 seras
905 1391 997 1452 alant.
1012 1388 1133 1470 Ubique
1145 1395 1176 1450 et

247 1515 374 1561 romana
387 1496 468 1559 bella
481 1504 510 1559 et
521 1515 684 1560 romanum
698 1516 812 1560 nornen
826 1498 966 1578 requirit,
984 1497 1176 1579 ubiquegeo·

246 1603 406 1685 graphiam
419 1604 505 1685 quasi
521 1623 717 1668 romanarum
739 1606 895 1668 annalium
913 1613 1030 1687 partem
1052 1605 1175 1680 evolvit,

245 1710 287 1773 ita
301 1718 336 1774 ut
346 1711 408 1774 sere
421 1711 567 1790 videatur,
583 1720 618 1775 ut
626 1713 784 1794 Neptunus
797 1732 912 1795 equum
926 1713 958 1774 in
972 1730 1118 1793 pugnam,
1135 1711 1178 1774 sic

247 1817 462 1899 geographiam
490 1818 521 1880 in
544 1837 704 1882 romanam
726 1819 887 1882 utilitatem
914 1820 1096 1901 laudemque
1114 1818 1178 1882 Pli-

246 1926 316 1990 nius
329 1927 516 1990 instruxisse.

284 2032 328 2095 Ea
350 2040 452 2095 autern
472 2037 558 2093 aetate
579 2029 695 2094 Plinius
707 2030 826 2111 scripsit
846 2050 907 2112 qua
920 2050 974 2112 per
988 2028 1112 2112 Libyam
1132 2051 1179 2096 res

246 2157 380 2202 romanae
398 2139 519 2220 longius
533 2157 698 2219 progressae
711 2139 882 2219 suntlntra
891 2138 1180 2222 quinquagintaiere

247 2245 723 2321 annos,ClaudiusMauritaniarn
732 2247 904 2327 subegerat,
912 2247 1181 2310 Paullinushtlan-

185 2434 188 2447 Ι
247 2361 310 2416 tem
323 2354 567 2434 perlustraverat,
578 2353 818 2434 triumphaverat
830 2354 942 2417 Balbus
956 2355 993 2416 de
1010 2355 1181 2418 Garaman-

246 2461 339 2537 tibus,
365 2462 514 2542 jussuque
535 2460 683 2537 Neronis,
706 2461 910 2542 exploratores
932 2462 994 2524 lere
1019 2480 1117 2544 usque
1142 2462 1182 2524 ad

244 2570 304 2636 Nili
325 2570 420 2652 ipsius
434 2569 532 2633 fontes
546 2580 755 2652 pervenerant.

286 2679 370 2742 Dum
379 2678 533 2754 scriberet,
549 2678 665 2741 Plinius
678 2678 710 2740 in
724 2696 819 2740 manu
832 2677 955 2739 tenebat
964 2679 1080 2785 harurq
1088 2697 1180 2761 expe·

253 2785 407 2849 ditionum
427 2794 643 2864 monumenta3
666 2793 819 2848 recentem
832 2804 867 2847 ac
880 2785 1011 2849 vividam
1024 2793 1070 2848 tot
1083 2786 1181 2850 victo-

256 2893 371 2956 riarum
385 2893 500 2956 samam
512 2913 549 2956 ex
568 2894 710 2956 omnium
721 2913 774 2957 ore
787 2893 965 2973 colligebat;
981 2894 1045 2957 imo
1058 2914 1096 2958 ex
1109 2896 1184 2976 ipsis

255 2999 416 3076 militibus,
441 3000 493 3081 qui
509 3006 555 3062 tot
573 3000 712 3063 laborum
733 3006 832 3080 partes
854 2998 984 3076 fuerant,
1000 3002 1184 3066 documenta

257 3111 375 3184 poterat
386 3103 557 3184 acccipere,

297 3210 390 3291 Ergo,
412 3229 476 3274 non
492 3210 586 3274 modo
603 3229 680 3292 opus
693 3210 907 3274 inchoantibus
921 3211 1032 3274 licebat
1051 3212 1185 3276 Plinium

269 3327 337 3381 nter
360 3326 405 3382 tot
425 3328 550 3402 tamque
574 3318 701 3381 eximios
730 3321 928 3400 geographos,
953 3338 1046 3401 quem
1075 3339 1186 3403 seque-

259 3445 373 3502 remur,
395 3427 506 3508 eligere
520 3446 527 3503 ;
552 3427 605 3489 sed
618 3426 777 3506 ingenium
799 3426 969 3504 scribentis,
984 3435 1106 3509 tempus
1123 3448 1186 3510 quo

259 3535 390 3617 scripsit,
406 3536 591 3617 scriptorum
612 3533 819 3614 acceptissima
833 3534 959 3596 varietas
979 3535 1069 3598 illurn
1084 3535 1186 3616 ipsum

257 3643 438 3723 magistrum
451 3641 507 3716 rei,
521 3659 616 3723 quarn
629 3640 817 3702 tractandam
832 3641 1069 3722 suscepimus,ut
1082 3641 1124 3704 ita
1137 3642 1187 3704 di-

260 3771 339 3829 cam,
354 3751 669 3817 accommodaverant.
