2648 4560
568 281 726 345 ..97-

187 417 240 501 qui
254 415 366 481 dicitnr
380 416 470 481 Oucd
482 417 567 482 Nun.
591 415 622 481 Si
642 415 808 481 dimidium
820 415 1112 503 fereperseqnlmur

188 524 255 600 iter,
279 524 459 591 devenimus
477 524 516 588 nd
537 541 662 591 emnem
683 523 774 591 nuuc
793 524 893 603 Dran,
907 527 972 610 qui,
988 535 1111 593 auctore

187 636 322 713 norme,
336 641 382 700 est
403 634 477 705 ulter
495 633 604 709 neos,
625 639 657 697 et
675 631 794 714 optime
813 652 886 699 eum
906 635 1024 717 Polybii
1038 637 1118 704 Leno

189 739 342 805 convenit.
358 740 546 823 Quiquidem
553 740 707 808 maximus
719 739 814 805 totius
824 741 936 806 littoris
948 744 1069 823 omnis,
1084 743 1116 811 ln

188 847 302 916 fluibus
314 848 594 925 solitudinum,nec
603 867 666 916 non
679 867 752 915 curn
766 848 925 914 Hannonis
940 853 1016 914 dieo
1038 872 1119 917 oon.

190 955 281 1038 gruit.
297 955 377 1026 Hinc
387 956 541 1039 incipiunt
558 956 755 1034 solitudinem
784 958 857 1022 hinc
875 978 1000 1042 qnoque
1024 962 1120 1028 nulle

190 1065 292 1143 urbes,
307 1065 395 1147 nulli
401 1064 517 1149 oppide
523 1065 652 1146 Polybio
661 1073 884 1133 memorentur.
896 1065 957 1144 Qui
966 1068 1119 1148 possimus

190 1180 296 1255 portus
314 1191 477 1254 agnoscere
495 1173 622 1237 Rutubis
644 1180 697 1236 aut
716 1174 875 1237 Risurdlr‘l
894 1174 1016 1239 Etenim
1034 1175 1119 1240 slnus
1191 1210 1193 1218 ,

191 1288 311 1347 tentum
324 1289 408 1356 sunt,
430 1280 526 1345 nullis
538 1281 668 1345 urbibus
676 1281 769 1347 cincti
783 1330 790 1358 ,
805 1290 836 1345 et
850 1281 894 1344 sic
907 1283 1052 1364 appellati
1067 1292 1120 1348 cut

190 1385 351 1461 viatorum,
367 1394 420 1451 eut
433 1386 635 1470 interpretum
650 1386 791 1451 arbitrio.
810 1388 923 1452 Graves
938 1397 1040 1453 cutem
1056 1390 1121 1453 dis-

191 1493 365 1575 putationes
376 1494 532 1559 suscitavit
549 1495 797 1577 promontorium
811 1495 903 1559 Solio.
920 1495 1024 1577 Quum
1038 1497 1121 1561 enim

193 1601 322 1682 legerint
332 1603 415 1684 apud
427 1603 627 1678 Herodotum,
646 1603 729 1685 apud
742 1603 935 1681 Hannonem,
951 1606 1034 1685 opud
1049 1605 1122 1686 Sey·

192 1712 317 1778 leoemo
335 1717 508 1796 {instruitur
518 1736 533 1772 n
543 1712 646 1776 faciles
661 1712 693 1775 in
707 1711 798 1774 Plinii
809 1712 954 1794 injuriam
964 1713 1123 1779 Recentio

193 1837 240 1883 res
255 1819 449 1886 crediderunt
459 1819 594 1885 Plinium
604 1819 684 1883 mele
693 1816 859 1881 reddidisse
877 1817 994 1898 Polybii
1003 1836 1120 1894 vocem,

198 1949 213 1987 u
222 1927 580 2010 pmmontoriumSolois
597 1949 613 1991 n
627 1925 799 1990 scribentis.
816 1926 865 2003 lt,
889 1925 933 1989 eit
952 1925 1124 1992 Herodotus

194 2043 240 2105 τῆς
253 2038 368 2102 Ardone·
381 2038 432 2094 ἀπὸ
444 2040 591 2112 Αἰγύπτου,
602 2034 682 2112 μὲχρι
697 2035 833 2100 Σολόεντος
847 2032 962 2113 ἄκρης,ᾖ
976 2036 1082 2113 τελευτᾷ
1090 2035 1124 2092 τὰ

194 2153 240 2212 τῆς
256 2147 361 2211 natoue.
370 2139 458 2205 Unde
469 2138 668 2205 menifestum
677 2145 724 2202 est
734 2140 793 2203 hoc
802 2158 866 2203 esse
875 2147 972 2208 zellen
981 2156 1125 2222 pmmon-

196 2251 310 2315 lorium
325 2249 409 2332 quod
423 2247 515 2313 hodie
527 2247 1011 2330 nuncupeturspcrtol.Bocmnr
1022 2255 1125 2311 sulem

196 2358 345 2440 originem
358 2355 660 2436 ePoenorumlingua
669 2362 819 2436 repetens,
832 2358 991 2420 contendit
1003 2365 1125 2421 rolleno

195 2467 365 2548 significare
385 2489 399 2523 s
424 2482 576 2528 saxosum.
596 2486 611 2523 n
636 2463 756 2540 llnnno,
779 2464 881 2527 stetim
899 2472 934 2528 ut
953 2465 1126 2546 Thymiate-

196 2574 278 2639 rium
289 2572 392 2655 liquit,
401 2570 474 2636 huic
484 2568 698 2653 promontorio
706 2569 841 2652 appellit,
860 2569 952 2652 longe
963 2548 1126 2653 antequem

198 2677 1127 2762 llumenLinnrnlutersit,perumrel'ertl‚attigeritldemtes-

198 2797 280 2854 tntur
292 2790 410 2870 Scylax.
419 2787 507 2853 lteut
520 2795 617 2859 nolito
641 2786 887 2868 promontorium
897 2787 1051 2851 nunidem
1064 2807 1129 2852 esse

198 2897 339 2979 possitae
353 2897 599 2980 promontorium
613 2898 706 2961 Solio.
734 2896 794 2960 Sed
819 2896 844 2959 si
868 2897 934 2978 ipse
952 2898 1129 2963 necessitate

199 3023 262 3069 uon
276 3005 348 3069 setis
361 3005 541 3070 defendatur
554 3005 683 3083 Plinius,
698 3004 770 3068 lieet
784 3005 984 3069 Ptolemaeum
999 3007 1031 3069 in
1045 3007 1125 3071 teeti·

199 3115 341 3179 monium
354 3116 501 3179 advocare
512 3114 565 3198 qui
585 3123 615 3178 ei
629 3118 709 3199 ἄκραν
724 3123 883 3191 noluntas,
896 3124 926 3178 el
945 3121 1031 3179 ’niteo
1050 3121 1129 3202 ἄκραν

199 3231 356 3301 memoret,
373 3242 429 3290 suo
443 3242 598 3308 quemque
611 3224 691 3301 loeo,
701 3223 888 3288 certissimus
903 3222 992 3287 Plinii
1000 3224 1120 3289 vindex.

199 3332 261 3397 Nee
272 3333 304 3396 id
318 3332 399 3395 Solis
412 3350 526 3396 nomen
535 3332 611 3397 odeo
620 3350 723 3396 rerum
736 3339 781 3395 est
794 3339 884 3414 atque
902 3331 1081 3396 inusitatum
1094 3340 1128 3396 nt

201 3439 335 3522 cuipiam
361 3439 459 3504 monti
483 3459 546 3504 non
571 3439 705 3522 potnerit
728 3439 858 3522 imponi.
883 3439 1006 3502 Etenim
1029 3446 1129 3503 naute

200 3549 313 3630 quibus
333 3567 385 3613 om
404 3548 524 3613 sinistre
542 3555 626 3624 eret,
656 3548 688 3610 in
717 3545 877 3610 meridiem
897 3546 1125 3626 navigantibus,

202 3665 339 3721 montem
352 3659 394 3722 itu
408 3659 566 3723 nominare
580 3664 757 3740 potuerunt,
773 3676 808 3720 ex
821 3675 882 3739 quo
899 3654 944 3719 sol
970 3654 1043 3736 ipsis
1056 3654 1128 3718 oriri

202 3772 361 3838 visusluit.
