2648 4560
435 258 438 263 ’
544 287 701 350 -aa-

157 422 189 482 in
202 439 239 483 eo
263 419 363 501 gigni3
389 417 501 480 scimus
522 425 625 480 autem
648 413 818 479 crocodilos
837 415 894 476 bac
917 413 948 475 in
974 407 1081 476 ora‘in

157 528 271 606 Seaepa
292 523 428 607 reperiri.
449 527 591 588 Attamen
615 540 678 585 non
696 538 789 603 supra
810 521 902 584 fidem
924 527 969 583 est
990 539 1085 601 quos-

158 630 336 711 dampaulo
356 629 447 695 altius
459 628 567 711 ,virere
586 635 640 690 aut
661 627 778 693 vixisse.
793 627 910 691 Deinde
930 626 1085 709 quianon

160 739 296 817 longe-a
318 734 411 799 fluvio
432 735 554 797 absunt
570 734 724 797 Dorotitoe
744 732 909 813 AEtbiopes.
931 732 996 796 Etsi
1018 731 1088 794 affe-

160 848 207 905 rat
226 841 371 905 Gossrnrn
384 840 531 922 'quaedam
562 845 700 901 veterum
726 838 910 920 scriptorum
936 839 1012 912 loca,
1034 837 1088 900 ubi

161 947 228 1012 lndi
242 946 399 1033 AEtbiopes
421 947 573 1021 dicantur,
588 945 813 1027 contendatque
824 947 883 1008 hoc
895 945 1020 1008 nomine
1031 948 1091 1009 bo-

161 1053 260 1117 mines
274 1054 359 1117 lusco
373 1055 476 1117 colore
490 1061 610 1117 tantum
624 1051 786 1133 designari,
799 1059 904 1115 tamen
917 1051 1033 1115 Plinius
1046 1071 1093 1115 se-

163 1159 237 1222 dulo
249 1159 421 1223 distinxisse
434 1158 614 1222 manifestus
627 1165 672 1220 est
693 1157 838 1232 Gaetulos,
856 1175 918 1220 non
941 1158 1012 1220 albo
1025 1158 1095 1239 qui-

165 1266 234 1328 dem
249 1284 388 1348 corpore,
402 1274 433 1343 et
445 1265 612 1347 AEtbiopas.
628 1264 708 1353 Hine
721 1263 904 1347 quibusdam
914 1264 999 1333 licuit
1013 1265 1094 1327 exis-

111 1435 113 1440 ,
145 1372 273 1435 'timere
287 1374 388 1434 Dorot
408 1391 472 1434 esse
495 1391 588 1454 quem
610 1389 695 1434 nune
718 1370 849 1435 dicimus
870 1370 1021 1452 Se'ndpol;
1044 1372 1095 1433 sed

106 1523 113 1534 .
167 1499 264 1562 quum
288 1480 372 1542 sinus
394 1487 581 1569 memoretur
602 1497 663 1543 nou
676 1499 771 1561 pass,
787 1479 841 1562 qui
862 1478 988 1562 quidem
1009 1478 1098 1541 facile

168 1587 200 1648 in
214 1585 501 1669 pictisgeographiae
510 1585 622 1650 tabulis
631 1585 811 1667 reperiatur,
822 1604 878 1648 nec
886 1585 1097 1667 prodigiosum

169 1694 208 1756 sit
222 1695 358 1778 aliquam
370 1694 549 1776 AEtbiopum
559 1701 680 1775 gentem
697 1711 831 1756 necnon
852 1693 1031 1769 crocodilos,
1041 1695 1100 1756 hoc
1174 1705 1177 1711 “

171 1801 202 1863 in
219 1801 319 1864 littore
332 1801 490 1885 quondam
504 1801 732 1884 suprastatpol
742 1801 894 1864 unumvel
907 1802 1101 1882 duosgradus

172 1908 316 1986 tenuisse,
340 1908 418 1973 nihil
441 1909 541 1974 obstat
564 1908 639 1991 quin
654 1928 854 1990 agnoscamus
867 1911 970 1971 Darat
990 1907 1021 1969 in
1044 1909 1101 1971 llio

172 2016 299 2079 d'Ooro.
328 2014 454 2078 Horruit
480 2015 637 2091 Gossrnn,
663 2016 793 2096 legendo
806 2035 871 2080 esse
897 2015 1000 2079 sinum
1021 2033 1102 2080 ocu

174 2139 253 2200 pass.
278 2118 459 2201 ampliorem
481 2130 511 2183 et
534 2121 675 2186 librarios
697 2122 856 2197 incusavit,
877 2123 967 2204 quod·
987 2140 1044 2203 pro
1066 2139 1103 2186 xc

175 2245 212 2291 nc
232 2226 419 2315 scripserint.
435 2227 494 2292 Sed
511 2248 534 2296 ,a
556 2229 766 2309 promontorio
786 2230 865 2292 Atto
889 2229 996 2311 ingens
1020 2230 1105 2294 sinus

176 2335 294 2418 incipit,
317 2336 473 2418 usquead
495 2336 742 2418 promontorium
767 2338 870 2400 Viride
893 2345 1053 2414 curvatus,
1076 2345 1107 2400 et

177 2444 275 2507 multo
286 2462 323 2531 nc
336 2463 358 2508 n
371 2463 450 2525 pass.
464 2443 605 2525 amplior.
616 2444 742 2516 Nullum
755 2444 847 2525 igitur
860 2445 891 2507 in
902 2446 1041 2508 librarios
1054 2453 1107 2509 aut

179 2550 210 2612 in
224 2536 356 2616 Plinium
366 2551 606 2633 adgeographiae
619 2551 782 2639 utilitatem
795 2553 912 2616 crimen
926 2553 1105 2631 interemus;

180 2657 232 2719 sed
253 2657 626 2739 promontoriumdlbom
647 2657 784 2721 dicemus
797 2658 1006 2739 Surrentium,
1024 2662 1109 2744 quod

180 2761 304 2844 quidem
324 2762 401 2825 mire
414 2761 545 2826 excurrit
569 2764 602 2827 in
617 2765 790 2839 Oceanum,
815 2783 878 2827 non
896 2766 1024 2830 omnino
1037 2768 1110 2850 qui*

180 2870 250 2933 dem
276 2870 315 2933 ad
338 2889 498 2948 occasum3
522 2879 554 2934 at
582 2871 736 2953 Polybius,
766 2872 969 2937 instrumento
991 2884 1111 2958 septen·

180 2975 310 3039 trionem
325 2976 471 3040 indicanti
484 2997 598 3053 carens,
615 2977 664 3042 die
677 2980 818 3056 obscura,
833 2981 934 3062 potuit
946 2983 1110 3064 paululum

180 3082 218 3145 de
237 3083 328 3163 buius
346 3085 548 3164 promontorii
569 3085 736 3167 directione
758 3086 830 3150 lalli.
850 3087 936 3152 Unde
958 3107 1017 3152 vox
1032 3091 1112 3154 Sar-

138 3244 142 3252 .
183 3189 314 3251 rentium
328 3188 453 3266 venerit,
464 3190 627 3268 nescimus;
642 3211 711 3274 quae
725 3212 792 3267 vox,
804 3203 838 3256 ut
851 3194 968 3258 Plinius
976 3197 1112 3262 animad-

185 3295 283 3372 vertit,
299 3295 464 3376 Polybiane
484 3306 539 3359 est.
556 3296 669 3360 Forsan
683 3307 795 3377 nautae,
806 3300 843 3362 in
865 3301 927 3364 oris
940 3302 1033 3367 ltaliae
1049 3307 1111 3368 nati

121 3388 124 3393 ’
188 3419 282 3483 prope
303 3401 498 3481 Surrentum,
515 3404 621 3485 patriae
643 3423 805 3484 memores,
828 3416 869 3485 et,
889 3418 924 3472 ut
947 3412 1114 3495 longinqua

187 3507 218 3569 in
232 3515 311 3571 terra
324 3509 517 3586 amantiores,
542 3512 708 3593 quamdam
728 3512 961 3579 similitudinem
980 3518 1114 3583 nominis

188 3614 425 3699 laetiarripuere.
706 3625 724 3677 t

221 3742 244 3828 Ιι(
257 3721 361 3787 Postea
373 3747 388 3783 a
400 3725 514 3788 llumen
523 3726 647 3790 Sulcum
652 3745 662 3807 3
675 3727 826 3793 incertum
835 3737 880 3794 est
889 3739 989 3795 utrurn
1000 3733 1115 3798 Plinius
