2648 4560
596 283 754 345 ..2ss-

213 422 310 485 selom
322 414 436 483 dunen
446 414 601 487 Mutetur:
610 414 725 483 numm
739 418 842 481 Durat
855 417 887 482 in
897 436 959 500 quo
969 419 1139 486 cronodilos

215 521 309 603 gigni.
324 521 440 588 Deinde
449 523 672 617 sinumucrvru
681 543 759 608 pnes.
774 525 904 604 includi,
913 527 1028 591 montis
1038 531 1139 593 Bucco

217 629 428 714 prunontorio
453 638 630 703 excurrente
656 632 689 703 in
713 652 855 699 oooosum
876 634 972 717 (quod
997 637 1141 720 oppellot)

214 736 796 821 sumntnnrposteunnnensanun
807 742 886 808 ultre
894 743 978 824 quod
985 742 1144 825 tlltlriopes

216 846 374 919 Perorsos,
388 864 521 929 quorum
531 853 642 929 oiotgo
655 848 839 925 Phuensium
851 849 888 913 iir
899 849 988 932 jungi
998 850 1147 914 mediter-

217 971 324 1023 raneos
337 955 470 1022 ostoles
483 957 597 1021 Durus.
613 957 653 1021 tt
665 955 698 1019 in
719 975 772 1021 orn
794 957 950 1040 AEthiopes
968 961 1144 1035 Ducuntur,

219 1061 332 1129 flumen
342 1063 521 1131 Bambotum
534 1065 696 1129 crocodilis
705 1073 736 1129 et
744 1065 974 1149 hippopotamis
984 1067 1145 1143 refertumr

218 1167 256 1235 ob
282 1187 319 1237 eo
340 1177 461 1238 montes
482 1179 644 1254 perpetuos
666 1191 762 1254 usque
784 1174 823 1265 ed
849 1192 921 1237 enm
953 1193 1046 1256 quom
1081 1185 1148 1240 tres

219 1280 310 1362 ὄχημα
335 1278 475 1349 dicimus.
510 1287 577 1344 deos
606 1284 694 1361 ὄχημα
722 1279 792 1344 finis
815 1287 859 1343 est
883 1281 1046 1362 Polybieni
1065 1287 1151 1367 peri·

218 1384 276 1469 pli3
293 1404 348 1457 neo
364 1386 519 1453 Romanus
532 1389 723 1469 geographus
736 1387 857 1467 longius
870 1404 964 1468 quem
978 1388 1075 1452 Greci
1096 1399 1149 1453 sut

218 1492 548 1581 Pyeniprogressusest.
559 1493 720 1577 Sequentia
728 1493 843 1558 Plinius
850 1493 1008 1558 manifesto
1016 1496 1148 1578 eddidit3

219 1611 278 1675 boe
285 1606 368 1677 enirn
380 1603 550 1672 recusative
557 1603 684 1685 regitur:
692 1604 827 1681 Salsum¹
834 1601 1014 1678 Plurnsios,
1022 1605 1149 1669 Bumbo·

221 1728 294 1794 tum,
308 1734 371 1800 quo
383 1712 569 1794 significetur
576 1712 710 1777 Plinium
724 1711 914 1794 ipse-Polybli
923 1713 1014 1775 verbe
1027 1712 1148 1777 reterre.

221 1827 325 1908 Quum
341 1829 454 1898 autem,
470 1829 504 1884 ut
527 1820 629 1903 priore
642 1821 771 1886 Atlantis
785 1819 990 1902 descriptione
1005 1823 1149 1902 ostendit,

219 1929 786 2011 hujusmontissitcuricsissimus,non
793 1927 908 1991 omittit
915 1928 1069 2010 requirere
1076 1930 1151 2011 quid

189 2034 192 2041 ’
221 2048 251 2105 et
263 2039 406 2122 Polybius
420 2040 458 2102 de
472 2037 594 2105 Atlante
608 2036 775 2110 censuerit;
792 2053 864 2098 nom
881 2035 971 2099 refert
992 2037 1152 2118 Polybium

223 2148 366 2213 locavisse
394 2147 546 2211 Atlantem
561 2144 594 2207 in
617 2143 719 2207 medio
740 2143 837 2224 s'potio
854 2143 892 2206 ed
905 2146 1154 2225 promontorium

222 2253 412 2338 Hesperium.
429 2253 489 2318 Sed
501 2271 565 2315 non
579 2259 625 2316 est
642 2250 751 2315 inutile
763 2250 1003 2314 animadvertere
1020 2253 1154 2319 Plinium

222 2362 357 2435 hicnon
382 2359 473 2425 verbo
493 2359 610 2442 Polybii
635 2359 822 2433 reddentem,
848 2357 982 2439 potuisse
1007 2360 1155 2443 interpre-

223 2470 316 2535 tando
338 2484 448 2546 errare,
474 2472 538 2543 eut,
553 2466 612 2529 nisi
633 2465 787 2544 erraverit,
804 2464 918 2528 omisso
937 2465 1056 2547 Polybii
1071 2468 1152 2546 lucc,

226 2576 329 2641 «lnde
345 2599 360 2636 u
374 2573 538 2656 sumpsisse,
555 2591 618 2638 non
642 2572 769 2654 quidem
789 2570 950 2635 meridlem
971 2591 1086 2653 versus,
1102 2577 1155 2639 sed

224 2667 330 2749 contre
352 2680 516 2746 remeando
545 2681 584 2745 od
604 2680 861 2762 Septentrionem.
890 2679 1026 2749 Fortasse
1052 2689 1156 2748 errtem

225 2810 288 2857 non
302 2791 343 2855 ite
356 2791 463 2854 sedulo
476 2790 672 2872 explicandus
683 2796 727 2853 est
740 2788 791 2852 hie
805 2790 907 2864 loeus,
923 2808 1022 2871 quum
1035 2809 1155 2873 semper

225 2898 423 2965 inoertissime
433 2898 552 2980 antiqui
564 2897 602 2959 de
618 2897 737 2961 Atlante
751 2896 921 2960 retulerint.

235 3022 242 3037 ³
265 3001 349 3073 lltlse
357 3006 480 3090 quidem
489 3005 581 3068 bodie
589 3002 866 3080 mentssccntinui,
876 3005 1153 3086 Moroeregionem

226 3122 256 3181 ot
269 3103 459 3195 Alpericmo
481 3111 697 3175 solitudinibus
715 3109 928 3195 dispescentes.
950 3111 1025 3190 Quis
1034 3112 1073 3175 sit
1085 3133 1157 3178 vero

225 3221 276 3285 bie
292 3237 381 3287 mons
400 3237 419 3282 e
439 3237 501 3302 quo
524 3218 668 3300 Polybius
690 3216 826 3298 incipere
848 3217 992 3283 videtur?
1017 3220 1158 3284 Excurrit

224 3327 350 3412 quidem
364 3328 447 3394 ortes
461 3326 593 3402 inmere,
607 3325 811 3390 excelsissime
825 3327 1046 3408 promontorio,
1061 3347 1158 3411 prope

226 3437 334 3503 urbem
351 3435 464 3499 dictem
478 3436 649 3511 Turndcnt
671 3452 760 3498 mons
778 3433 871 3497 totius
894 3453 955 3497 orae
981 3433 1155 3500 altissimus.

227 3545 274 3611 db
286 3563 323 3609 eo
334 3544 461 3607 Anatim
474 3549 591 3606 constet
598 3541 717 3605 circiter
731 3559 934 3606 dccccxxxvu.
948 3560 1026 3623 pass.
1035 3541 1157 3619 distare,

228 3651 260 3715 id
272 3650 387 3715 estsere
400 3668 476 3716 cxxx
489 3651 600 3714 leucas.
624 3649 678 3714 Sin
692 3656 798 3712 eutem
820 3667 927 3712 omnes
955 3655 1159 3730 supputemus

228 3758 336 3825 littoris
349 3759 504 3839 circuitus,
520 3758 649 3822 Anatim
662 3776 785 3823 omnem
800 3775 871 3823 eum
885 3775 948 3822 esse
967 3758 1154 3841 reperiemus
