2648 4560
580 268 736 335 '‘⁶4ss-

192 394 261 459 dem
273 399 370 478 gentis
384 400 490 463 tribus.
507 401 621 464 Omnes
632 404 679 464 han
693 401 833 463 nationes
845 409 915 463 suut
927 410 980 465 aut
998 399 1119 483 Gaetuli,

193 512 244 568 aut
258 507 463 585 Garamantes,
473 517 524 570 aut
534 508 641 584 Mauri,
652 516 704 571 aut
720 508 921 588 Troglodytae,
938 517 991 571 aut
1005 511 1120 573 AEthio-

194 634 261 695 pes.
278 616 448 697 Pomanus,
459 618 648 699 Europenses
656 615 794 691 coloniae,
802 616 928 697 originis
942 618 1123 681 memoriam

193 740 355 786 servavere.
372 723 432 806 Ipsi
448 725 559 788 Gaetuli
570 733 600 787 et
613 724 813 788 Garamantes
825 745 861 786 ex
873 725 979 787 eadem
997 725 1121 800 familia,

194 831 243 893 oui
258 850 370 894 nomen
384 832 530 895 Berberis.
547 832 594 896 ad
607 851 685 914 quos
698 833 853 912 redigendi
864 841 935 896 sunt
950 834 1086 914 Syrtium
1094 841 1124 896 et

190 937 301 1023 ,vioiuae
315 958 376 1003 ora
389 941 467 1003 male
482 940 547 1007 noti
561 939 680 1003 incolae.
693 940 730 1003 lli
745 946 847 1002 autem
860 939 982 1004 Barbari
995 939 1121 1022 origine,

172 1074 173 1080 ¹
197 1053 230 1108 ut
243 1047 333 1109 hodia
347 1047 823 1128 aiunt,1lmezer9lr,disoernendi
839 1058 909 1110 sunt
922 1068 939 1111 a
951 1047 1072 1113 Mauris.

235 1156 329 1221 Mauri
343 1159 499 1239 quondam
512 1155 574 1219 lero
587 1174 712 1221 ornnem
721 1157 988 1238 septentrionalem
993 1154 1125 1218 Africam

197 1273 428 1345 occupaverant:
449 1265 512 1340 sed,
528 1273 563 1329 ut
579 1284 616 1327 ex
632 1264 722 1329 Plinii
738 1265 836 1328 verbis
854 1264 1024 1339 didicimus,
1045 1274 1125 1327 tem-

190 1387 342 1450 .porequo
355 1369 514 1444 scribebat,
529 1368 591 1433 fare
608 1369 736 1432 omnino
756 1378 842 1432 erant
857 1369 1006 1432 exstincti.
1029 1367 1126 1436 Mauri

198 1486 377 1539 autemnon
395 1486 480 1540 eraut
500 1476 651 1557 indigena
665 1476 752 1539 istius
774 1485 861 1541 terrae
889 1478 1006 1559 populi.
1035 1474 1125 1558 Apud

198 1586 360 1667 scriptores
374 1585 416 1668 (l)
431 1585 744 1667 romanoseaquidem
756 1584 912 1647 distinctio
923 1584 1063 1657 habetur,
1074 1583 1126 1646 sed

198 1695 280 1775 apud
294 1695 448 1757 neminem
462 1694 518 1757 nisi
540 1695 623 1776 apud
636 1692 813 1757 Sallustium
830 1691 1001 1754 verisimilis
1020 1692 1059 1754 de
1074 1710 1126 1753 eo·

199 1821 269 1865 rum
283 1800 400 1881 origine
413 1802 519 1882 opinio
531 1801 691 1882 profertur.
710 1799 869 1864 Sallustius
880 1798 921 1881 (t)
936 1806 1039 1861 autem
1053 1817 1126 1860 eon·

189 1910 308 1986 tendit,
330 1930 367 1973 eo
377 1917 514 1991 tompore
525 1928 589 1991 quo
597 1909 741 1973 Hercules
756 1906 946 1970 occidentem
958 1894 1126 1986 perlustra-

199 2015 253 2091 vit,
264 2034 367 2079 seeum
375 2015 604 2081 multitudinem
616 2015 805 2078 diversarum
819 2013 957 2094 gentium
969 2013 1127 2076 confusam

200 2123 331 2199 trahens,
353 2124 410 2184 hos
422 2123 563 2202 populos,
579 2141 663 2184 novae
677 2121 781 2202 patrie
794 2122 933 2196 colonos,
946 2120 1090 2183 insedisse
1099 2120 1126 2182 ei

143 2311 147 2321 .
201 2236 285 2291 terrae
300 2249 367 2311 quae
386 2229 564 2293 Mauritania
577 2230 659 2292 diota
680 2237 734 2304 est,
754 2237 784 2291 et
797 2229 910 2304 Medos
934 2237 1051 2293 mumto
1068 2247 1126 2292 no—

200 2335 294 2411 mine,
307 2337 429 2402 Mauros
442 2335 532 2400 fuisse
551 2339 732 2418 appellatos.
760 2337 799 2400 At
813 2356 882 2419 qna
899 2337 974 2400 tides
990 2335 1128 2400 Herculis

200 2444 311 2509 fabulis
323 2445 485 2509 tribuenda
498 2453 554 2521 est,
565 2446 621 2528 qui
635 2445 815 2524 disjunxisse
828 2446 956 2526 Abylam
970 2453 1000 2507 et
1013 2444 1126 2526 Calpen

200 2550 228 2612 vi
239 2551 420 2614 lacertorum
432 2552 651 2632 proditnr‘lHio
664 2569 798 2634 quoque,
813 2560 848 2616 ut
861 2551 970 2634 saepius
982 2553 1065 2633 apud
1078 2571 1128 2614 re·

200 2665 287 2735 teres,
302 2659 415 2723 latetin
425 2659 529 2724 nauta
542 2669 647 2724 oruata
661 2661 784 2736 varitas;
800 2679 856 2722 neo
868 2659 945 2722 alius
955 2658 1055 2722 lorsan
1071 2658 1128 2721 luit

200 2762 344 2831 Hercules
357 2768 419 2843 ille,
435 2787 527 2850 quam
537 2769 600 2831 dux
616 2768 787 2848 ingentium
803 2767 927 2831 illarum
951 2766 1127 2831 multitudi-

200 2892 286 2948 num,
300 2873 364 2954 qui,
379 2875 512 2938 exomni
526 2884 673 2955 tempore,
698 2876 737 2938 ab
750 2875 866 2939 oriente
879 2875 913 2937 in
926 2893 1069 2938 oceasum
1078 2875 1124 2936 in

200 2979 367 3043 fluxorunt.
384 2979 528 3046 Hercules
541 2981 603 3056 ille,
620 2989 654 3045 ut
667 2981 772 3057 Attila,
797 2988 833 3044 ut
850 2981 1005 3057 Cannaene,
1020 2987 1055 3043 ut
1073 2980 1128 3043 Ta·

200 3087 328 3164 marian,
350 3087 456 3154 tluetui
470 3105 582 3168 pareus
592 3087 692 3168 potins
707 3107 801 3169 quam
815 3087 979 3167 immorans,
1000 3088 1128 3166 nraioras

200 3203 287 3270 natu,
300 3202 335 3257 ut
349 3193 390 3258 ita
402 3194 513 3271 diuam,
527 3196 713 3260 Hunnorum
725 3205 778 3258 aut
797 3196 1005 3258 Vandalomnn
1024 3193 1038 3255 l
1093 3208 1095 3212 ⁴

201 3301 621 3385 protrahebatQuMadnos,
643 3302 669 3364 si
693 3301 786 3378 Medi,
801 3309 854 3364 ant
875 3302 985 3376 Persa,
997 3309 1051 3364 unt
1069 3302 1128 3363 Ar-

199 3409 293 3488 meni,
312 3408 345 3472 lai
361 3410 467 3490 populi
488 3409 615 3474 tonent?
643 3408 708 3473 llos
725 3418 829 3475 entem
854 3406 1126 3489 magnipendens

240 3652 278 3734 (t)
299 3656 460 3732 Pomponius
474 3659 552 3728 Mela,
562 3660 585 3727 Ι,
602 3661 628 3726 1,
643 3661 669 3714 ὃ.

237 3757 275 3830 (a)
295 3756 566 3829 Sallustii-Iugurtha,
586 3755 684 3811 llVlll.
