2648 4560
603 297 644 315 ..
662 192 702 330 ai
718 298 759 309 ..

262 396 370 479 Magna
397 396 521 480 quidem
547 403 592 459 est
614 396 773 477 utriusque
798 394 908 476 Peripli
936 395 1083 473 allinitas,
1108 397 1149 461 ita

222 512 257 568 ut
270 507 345 568 alter
358 505 444 568 alteri
456 504 547 566 fidem
559 502 659 584 laciat3
675 521 738 566 non
753 522 788 579 ep
799 511 901 566 autem
915 503 1093 582 similitudo,
1110 523 1145 567 ex

221 632 282 695 qua
301 614 376 675 alter
388 611 513 675 alterius
527 592 729 675 adulteratum
749 612 905 692 exemplar
919 630 982 675 esse
998 613 1146 676 credatur.

220 719 365 802 Polybius
377 719 498 783 easdem
507 717 645 799 regiones
657 725 749 800 atque
760 718 869 782 Hanno
884 717 985 782 invisit
998 718 1123 783 :Lixum
1140 767 1148 794 ‚

222 837 288 891 &aaa
303 826 401 910 ὅχημά,
418 828 512 891 saltus
525 824 597 889 feris
609 825 736 905 plenos,
752 825 905 903 Gaetulos,
929 825 1085 902 AEtlriopes
1112 814 1151 889 ab

221 946 351 1018 utroque
378 934 508 998 vidimus
525 938 719 996 memoratos.
744 930 804 994 Sed
832 931 990 995 minorum
1010 932 1151 1020 locorum

222 1038 253 1101 in
268 1049 398 1123 utroque
411 1039 528 1103 diversa
541 1046 586 1101 est
594 1036 720 1100 mentio.

261 1145 395 1226 Longius
414 1143 539 1226 quidem
552 1144 615 1206 dux
628 1140 883 1223 Carthaginiensis
895 1162 989 1225 quam
1000 1145 1154 1209 Romanus

171 1236 174 1244 ’
222 1228 398 1336 progressus
410 1259 465 1327 est,
480 1252 541 1334 'qui
564 1250 603 1314 ad
622 1260 711 1312 Νότου
731 1257 804 1332 κέρας
828 1250 976 1332 parvenit.
996 1250 1078 1331 Quid
1097 1255 1154 1315 hae

221 1380 295 1424 voce
309 1360 496 1443 significetur
509 1359 616 1422 multis
633 1358 796 1441 quaesitum
814 1357 880 1421 est‘l
895 1357 954 1421 Alii
971 1367 1154 1440 promonto-

222 1464 316 1542 rium,
331 1466 383 1528 alii
397 1474 501 1530 autem
512 1463 624 1540 sinum,
641 1474 733 1546 prout
748 1465 930 1529 Graeeosaut
942 1463 1097 1541 Romanos
1109 1484 1154 1528 se·

222 1573 285 1637 cuti
300 1582 382 1650 sunt,
398 1572 563 1654 significari
578 1571 781 1635 erediderunt.
799 1570 830 1641 Si
844 1572 929 1634 sinus
942 1578 1006 1646 est,
1022 1571 1153 1636 fonnem

222 1680 338 1763 praebet
358 1699 472 1756 cornu,
494 1678 598 1743 bovini
620 1677 749 1753 scilieet,
775 1676 807 1740 id
827 1685 872 1740 est
885 1695 992 1753 areus;
1008 1685 1039 1738 at
1055 1696 1152 1742 cornu

223 1790 368 1852 obtusum
389 1807 451 1852 una
472 1795 566 1868 parto,
588 1786 680 1851 altera
705 1785 830 1868 quidem
851 1793 977 1849 acutum
1002 1793 1068 1849 est..
1085 1786 1154 1851 Non

224 1896 316 1978 igitur
329 1896 505 1960 mirandum
518 1896 542 1958 si
556 1895 685 1959 Romani
697 1902 770 1979 κέρας
781 1892 1000 1977 appellaverint
1009 1911 1155 1975 promon-

224 2005 348 2080 torium,
368 2022 431 2087 quo
453 2003 538 2066 sinus
555 2002 746 2067 terminatur.
774 2002 836 2067 Nos
852 2009 956 2065 autem
978 2008 1066 2063 Νότου
1082 2010 1154 2087 κέρα,-

223 2110 416 2193 agnosoimus
435 2109 466 2172 in
493 2109 704 2192 promontorio
724 2110 874 2183 Patmos,
901 2109 985 2191 quod
1020 2109 1155 2193 antiqbis

224 2217 319 2280 videri
342 2216 448 2280 debuit
477 2215 623 2279 ultimum
648 2216 751 2299 Libyae
772 2216 934 2280 meridiem
956 2234 1061 2280 versus
1083 2237 1156 2299 pro-

223 2323 424 2400 montorium,
439 2343 536 2407 quum
554 2323 593 2388 ah
610 2343 647 2387 eo
661 2344 715 2388 ora
736 2325 908 2388 inflectatur
921 2324 960 2387 ad
974 2323 1130 2388 Orientem
1146 2376 1154 2402 ,

225 2450 345 2496 necnon
369 2432 453 2495 sinus
478 2430 595 2496 Guinaei
616 2431 753 2497 anfractu
774 2434 814 2496 ad
832 2431 1070 2514 septentrionem
1092 2433 1156 2497 imo

223 2546 338 2623 speetet
365 2540 530 2603 interdum.
561 2545 649 2602 Νότου
685 2548 759 2624 aem
794 2546 897 2602 eutem
935 2539 1063 2602 ultimus
1086 2559 1157 2621 geo·

224 2645 347 2730 graphis
359 2645 504 2710 Romanis
521 2646 669 2710 Graeoisve
688 2648 746 2710 hac
764 2645 796 2707 in
815 2662 870 2707 om
891 2645 1033 2726 cognitus
1054 2647 1151 2710 locus.

225 2754 356 2837 AEgyptii
370 2761 401 2817 et
412 2754 558 2818 Eudoxus
572 2754 694 2836 longius
707 2751 888 2835 processisse
897 2753 1073 2829 traduntur;
1090 2755 1155 2831 sed,

225 2878 332 2924 eorum
346 2859 572 2923 commentariis
592 2859 720 2935 amissis,
739 2865 770 2921 et
783 2857 946 2920 nominum
965 2865 996 2921 et
1019 2859 1156 2923 locorum

226 2966 489 3049 memoriaperiit.

265 3075 309 3140 Ne
322 3084 424 3140 autem
438 3083 582 3157 putemus
594 3080 682 3141 Νότου
699 3071 865 3161 et‘Eam‘poo
879 3081 954 3159 κέρας
971 3073 1052 3138 idem
1066 3093 1131 3138 esse
1148 3126 1155 3154 ,

226 3201 323 3265 quum
333 3184 415 3266 apud
427 3183 563 3247 Plinium
577 3185 694 3266 legatur
706 3204 713 3247 :
725 3207 740 3243 a
752 3185 825 3248 lnde
835 3185 916 3268 leaeo
927 3184 1028 3268 ὄχημα)
1039 3183 1077 3247 ad
1086 3201 1158 3264 pro-

225 3290 415 3354 montorium
429 3291 608 3374 Hesperium
618 3292 809 3374 navigatione
829 3292 949 3357 dierum
963 3311 1000 3356 ao
1017 3290 1157 3354 noctium

226 3396 343 3462 decem.
362 3422 377 3457 n
391 3398 456 3461 Hoc
469 3419 540 3462 vero
553 3400 630 3462 mihi
644 3401 761 3465 Plinius
774 3401 893 3466 videtur
909 3420 972 3465 non
990 3398 1022 3462 in
1037 3395 1154 3478 Polybii

226 3504 345 3586 Periplo
360 3504 477 3586 legisse,
499 3506 552 3568 sed
570 3525 606 3568 ex
619 3526 650 3570 se
668 3507 734 3589 ipso
755 3506 914 3571 aftinnare.
937 3505 1060 3572 Etenim
1081 3504 1158 3566 dum

227 3611 400 3677 distantiam
410 3610 547 3695 passibus
561 3602 704 3695 Polybius
715 3614 851 3690 metitur,
874 3614 1009 3687 Plinius,
1032 3612 1157 3675 Hanno-

229 3720 276 3785 nis
288 3721 392 3798 modo,
409 3719 600 3802 navigatione
610 3721 729 3787 dierum
743 3740 779 3786 ao
793 3720 930 3786 noctium
944 3721 1000 3783 iter
1015 3719 1155 3783 aestinrat.
