2648 4560
444 350 449 359 .
574 304 734 366 -tt-

195 436 352 519 quondam
364 435 470 499 crediti
485 434 619 499 fuerunt.
639 436 710 499 Haec
722 436 827 517 opinio
837 437 920 518 apud
935 436 1124 501 Herodotum

194 543 289 618 edita,
315 541 424 606 deinde
452 550 596 606 renovata
621 550 667 606 est
695 542 778 624 apud
810 544 924 607 Arabas
936 562 946 624 3
976 563 1039 626 quo
1071 563 1127 608 an·

195 661 257 717 tem
277 650 310 713 in
329 651 397 714 loco
416 651 596 732 jungantur,
608 658 639 713 et
659 668 721 732 quo
742 650 879 727 flumine,
901 651 1053 715 incertum
1068 661 1123 717 est.
1216 646 1227 659 ‘

195 760 336 824 Attamen
356 759 561 822 recentiomm
581 759 825 841 expeditionibus
839 761 979 843 quaedam
995 761 1048 824 lux
1069 764 1127 825 bac

197 866 288 930 dere
309 866 384 930 facta
405 875 469 944 est;
493 885 575 931 anno
598 884 763 932 uncccxxu
784 869 909 934 Dunrtu
926 886 965 934 un
978 887 1014 933 m
1026 869 1128 935 Mum
1201 898 1204 902 ·

196 973 399 1038 arbitrabatur
425 974 529 1039 Nilum
553 975 585 1037 in
621 975 698 1038 duos
724 993 830 1038 amnes
855 975 969 1051 scindi,
998 978 1127 1040 alterum

196 1081 283 1151 Buttr
295 1089 323 1143 ct
339 1080 453 1157 Aburi,
471 1081 602 1145 alterum
623 1088 726 1145 autem
741 1082 887 1144 Misrclod
904 1082 958 1164 qui
981 1100 1054 1146 cum
1073 1083 1128 1147 Ni-

197 1186 243 1269 gri
266 1206 360 1269 aquas
376 1187 513 1252 sociaret.
535 1188 653 1252 Eodem
678 1196 817 1270 tempore
833 1207 896 1271 quo
915 1189 1042 1252 Scuduo
1062 1207 1127 1253 non

198 1295 313 1376 optime
325 1295 484 1375 cognitum
503 1301 578 1372 erat,
598 1295 788 1374 credebatur,
804 1295 903 1359 amnis
915 1314 953 1359 ex
965 1295 1035 1359 Nilo
1048 1296 1128 1358 divi-

198 1420 249 1464 sus
261 1400 293 1465 in
308 1401 431 1464 chndd
444 1401 576 1478 infundi,
599 1402 713 1466 seilicet
728 1403 833 1480 Sburi,
848 1409 879 1466 et
900 1403 973 1466 hinc
990 1387 1129 1484 egressus

199 1508 324 1572 nomine
344 1511 420 1571 Jcou
453 1528 526 1573 mox
546 1510 703 1573 Trebuddo
717 1509 778 1573 dici
798 1517 890 1592 atque
909 1511 941 1572 iu
964 1496 1066 1573 Iulida
1078 1511 1131 1572 in-

200 1618 301 1680 fluere.
317 1617 387 1683 Mox
400 1626 501 1681 autern
516 1619 580 1701 ipsa
591 1620 731 1682 locorum
751 1617 949 1700 dispositione
966 1617 1013 1680 vir
1029 1618 1130 1700 Libyae

201 1724 402 1801 doctissimus,
413 1726 542 1801 Joumn,
564 1726 696 1790 ostendit
709 1744 802 1809 quam
815 1724 888 1788 falsa
901 1730 978 1788 esset
985 1727 1051 1787 haec
1064 1725 1132 1806 opi·

202 1833 272 1909 nio,
294 1852 391 1915 quum
415 1833 498 1896 lacus
521 1834 659 1896 Tscbadd
678 1834 778 1896 multo
797 1833 887 1895 altior
903 1831 942 1894 sit
961 1850 1053 1915 quam
1070 1833 1129 1896 Nili

202 1939 297 2002 vallis.
314 1938 463 2001 Proximis
476 1957 548 2002 vero
564 1938 809 2021 expeditionibus
822 1945 962 2019 apertum
980 1946 1036 2014 est,
1055 1940 1131 2001 Jeou

203 2044 235 2107 in
252 2045 399 2119 Tscbudd‚
408 2063 471 2107 non
483 2063 521 2108 ex
535 2045 672 2108 Trebadd
686 2046 787 2122 tinere,
796 2046 931 2127 aepaulo
942 2053 1022 2127 post,
1031 2047 1131 2108 'mon-

202 2153 281 2216 tium
299 2155 373 2234 juga
389 2151 468 2216 inter
480 2154 555 2216 Jcou
572 2160 602 2215 et
617 2153 831 2216 retardo-aut
850 2153 949 2216 Bicuc
968 2152 1128 2225 interesse;

202 2263 285 2326 hunc
298 2260 430 2342 denique
439 2260 612 2333 fluviumab
622 2261 749 2336 oriente,
766 2260 829 2323 imo
842 2278 859 2323 a
874 2258 1002 2322 meridie
1015 2261 1128 2337 venire,

143 2356 150 2369 ’
203 2367 314 2448 ignotis
334 2367 458 2448 quidem
476 2366 654 2449 originibus.
675 2369 777 2431 Altera
788 2375 891 2431 autem
905 2385 942 2430 ex
955 2360 1040 2449 parte
1051 2368 1132 2431 labi-

204 2482 255 2537 tur
276 2475 392 2537 flumen
417 2474 505 2538 Bobr
523 2474 551 2535 el
564 2475 645 2548 Ado,
670 2476 754 2556 quod
773 2475 937 2555 putabatur
964 2493 1035 2538 cum
1062 2475 1131 2540 Nilo

202 2581 307 2662 jungi3
322 2582 369 2644 vel
383 2580 501 2662 potius,
516 2587 551 2642 ut
564 2579 667 2655 Nilus,
685 2579 775 2642 vastis
789 2579 953 2660 paludibus
965 2580 1130 2644 absorberi.

206 2687 265 2750 Sed
278 2687 360 2750 bisce
377 2686 464 2749 annis
484 2684 661 2748 manifestus
675 2692 719 2747 est
731 2684 782 2746 hie
795 2684 906 2747 fluvius
919 2685 1013 2747 fluere
1025 2686 1064 2748 ed
1077 2703 1133 2748 oc-

206 2813 326 2869 casum;
343 2795 469 2876 ejusque
482 2811 587 2856 cursus
607 2792 783 2855 observatus
795 2798 840 2854 est
853 2792 1001 2874 usquead
1014 2791 1134 2856 circiter

207 2909 338 2966 trecenta
349 2902 446 2965 millia
455 2902 578 2965 aBinue
591 2900 728 2963 flumine.
738 2899 832 2980 Regio
841 2905 943 2962 autern
953 2901 1053 2981 plana,
1063 2901 1133 2962 nul-

208 3011 243 3074 lis
257 3010 446 3074 obstantibus
457 3008 624 3083 montibus,
640 3007 816 3086 interjacere
829 3006 971 3070 creditur.
988 3007 1074 3070 Unde
1086 3025 1135 3068 ar-

207 3118 311 3182 bitrari
335 3118 405 3180 licet
424 3119 508 3181 hune
528 3134 650 3180 amnem
672 3116 816 3178 eumdem
838 3134 902 3178 esse
921 3133 957 3176 ac
978 3116 1088 3192 Biorae,
1104 3121 1134 3177 et

209 3226 277 3289 ideo
290 3226 321 3287 in
335 3223 441 3304 Nigrin
453 3224 589 3287 influere.
615 3224 654 3285 tt
668 3222 819 3285 incertum
833 3229 878 3284 est
891 3219 972 3285 unde
985 3220 1134 3302 originem

208 3333 295 3395 Bobr
312 3333 340 3394 cl
361 3331 433 3394 Ado
450 3334 559 3395 trahat.
582 3332 647 3395 Hoc
668 3338 789 3394 tantum
806 3348 863 3392 nos
882 3347 945 3393 non
965 3328 1044 3409 fugit
1063 3347 1133 3392 eum

208 3439 363 3503 ameridie
375 3438 482 3500 delabi.
498 3437 617 3501 Scimus
630 3455 763 3520 quoque,
773 3437 880 3499 eodem
892 3434 952 3497 iere
963 3435 1020 3498 sub
1031 3434 1136 3497 latitu-

209 3546 288 3609 dinis
304 3546 415 3627 gradu,
438 3544 542 3609 Nilum
556 3564 574 3608 a
587 3544 715 3608 meridie
728 3543 842 3607 venire.
860 3542 980 3607 Scimus
993 3547 1136 3623 praeterea

210 3672 273 3716 esse
286 3653 419 3714 excelsos
433 3662 571 3728 montes,
593 3652 677 3714 unde
693 3657 822 3734 uterque
845 3649 995 3730 originem
1014 3649 1132 3711 babeat.

210 3759 306 3823 Locus
325 3758 449 3840 quidem
473 3759 624 3834 incertus3
643 3777 692 3822 res
705 3765 808 3822 autem
821 3774 884 3821 non
897 3756 1020 3829 ineerta,
1037 3774 1132 3836 quum
