2648 4560
589 297 746 358 ..gp-

199 426 366 488 absurdum
383 425 422 487 sit
441 423 578 487 arbitrari
593 443 722 504 magnos
740 443 844 486 amnes
858 443 895 486 ex
908 425 1125 488 solitudinibus

200 532 333 594 arenosis
346 530 429 595 oriri.
445 521 519 608 Quae
533 549 632 612 quum
645 531 686 595 ita
699 532 770 607 sint,
778 531 950 595 verisimilis
962 532 1081 596 videtur
1094 540 1125 595 et

199 637 1123 716 retemmetllrabumetNigritarumnarratio,scilicetNilum

199 752 230 808 et
257 744 363 825 Nigrin
385 742 482 824 jungi.
507 742 648 824 Ingentes
672 745 712 807 ad
736 745 890 809 montium
910 745 1003 826 pedes
1028 745 1122 821 lacus,

200 859 236 916 ut
260 852 400 915 omnium
428 852 640 934 indigenarum
671 852 845 917 testimonio
876 860 1002 916 constat.
1048 853 1124 917 lnde

200 967 366 1040 utrumque
378 959 520 1034 defluere,
536 959 610 1043 quid
623 958 762 1023 mirum‘l
789 959 850 1024 Nec
867 979 931 1024 non
943 961 1036 1023 altera
1049 978 1124 1042 pro-

200 1067 340 1148 ponenda
360 1074 406 1130 est
424 1066 554 1149 opinio:
577 1086 674 1150 quum
692 1076 776 1131 certo
795 1066 868 1131 anni
887 1076 1025 1150 tempore
1037 1087 1124 1150 aquae

200 1173 359 1247 inundent,
369 1174 432 1236 istae
438 1172 574 1255 paludes,
584 1174 622 1236 de
630 1173 743 1255 quibus
751 1172 844 1237 locuti
858 1191 973 1247 sumus,
981 1173 1012 1236 in
1022 1175 1123 1237 lacurn

200 1280 309 1343 rnutsn'
323 1279 483 1343 verisimile
503 1280 612 1361 estqui
628 1287 728 1360 pateat
742 1279 917 1344 interBulr
932 1280 961 1341 el
979 1280 1081 1342 Adiad
1093 1289 1124 1344 et

201 1389 285 1451 Bclr
301 1389 328 1449 el
341 1390 418 1450 Ado.
440 1389 539 1468 Atque
553 1387 594 1450 ita
612 1386 767 1450 dirimitur
787 1387 825 1450 lis
845 1387 924 1450 inter
942 1389 1055 1451 Arabas
1076 1407 1123 1451 rea

198 1496 345 1558 cautiores
358 1514 417 1577 que
430 1495 576 1576 pendens,
587 1502 691 1557 utrum
702 1495 801 1575 Nigris
814 1495 852 1557 ab
865 1495 1022 1559 occidente
1032 1514 1071 1558 au
1085 1497 1124 1558 ab

198 1602 313 1664 oriente
326 1601 446 1663 defluat.
463 1601 523 1664 Nos
536 1600 642 1682 Nigrin
655 1601 803 1663 habemus
824 1600 928 1662 Jolida
934 1619 946 1672 ‚·
968 1607 1081 1663 veteres
1094 1608 1124 1664 et

199 1709 311 1773 Arabes
323 1709 475 1770 habebant
488 1710 600 1782 Benna,
623 1707 676 1787 qui
690 1706 790 1769 amnis
803 1706 834 1769 in
848 1707 952 1769 Iulida
965 1707 1075 1770 intluit.

240 1816 320 1878 lnira
333 1815 518 1896 AEthiopiam
531 1812 687 1877 Oceanum
698 1833 763 1877 csse
774 1815 857 1896 apud
866 1822 979 1877 veteres
990 1823 1121 1893 constat;

200 1924 250 1986 alii
271 1932 373 1986 autem
392 1922 597 2001 Atlanticum,
617 1921 668 1984 alii
693 1920 896 1986 Meridianum
917 1929 1037 1999 vocant,
1062 1943 1123 2005 quo

200 2030 293 2111 Libya
305 2029 411 2091 linitur
428 2037 459 2090 et
479 2028 645 2110 prasertim
659 2027 820 2109 AEthiopia.
838 2028 1123 2110 circumnavigatio-

200 2155 276 2200 num
296 2135 421 2216 quidem
438 2133 587 2196 memoria
606 2134 707 2215 aliqua
727 2132 783 2195 niti
798 2141 915 2214 poterat
928 2134 982 2196 ista
998 2135 1119 2216 opinio;

162 2312 164 2317 ,
198 2243 250 2304 sed
264 2240 410 2304 Australis
424 2238 563 2302 Oceanus
580 2238 736 2319 AEthiopas
752 2257 815 2301 non
829 2238 1023 2315 circumfluis
1035 2239 1124 2301 dunr-

197 2367 257 2430 que
266 2365 372 2427 vagam
381 2346 419 2408 de
429 2345 506 2408 mari
515 2344 648 2428 quodam
658 2363 761 2408 versus
769 2345 930 2408 meridiem
938 2345 996 2409 sito
1006 2326 1122 2409 'tamam

196 2473 233 2516 cx
251 2452 463 2534 indigenarum
477 2451 662 2515 commercio
675 2451 847 2532 acceperint
867 2451 995 2534 antiqui,
1012 2453 1122 2515 nostris

196 2570 315 2624 tantum
329 2560 436 2623 diebus
449 2560 602 2623 detectum
612 2578 676 2622 esse
689 2558 809 2623 videtur
821 2576 904 2621 mare
917 2558 1055 2639 interius,
1071 2561 1122 2623 in-

196 2688 288 2750 gens,
304 2687 360 2732 nec
378 2668 469 2731 hodie
482 2668 571 2730 certis
584 2667 696 2729 finibus
709 2676 739 2728 et
754 2665 830 2748 ripis
840 2665 1037 2749 descriptum.
1053 2666 1120 2731 Non

195 2793 306 2856 nempe
317 2773 392 2837 mihi
402 2774 433 2835 iu
444 2774 599 2836 animocst
607 2771 740 2853 profiteri
748 2771 876 2834 Balbum
887 2779 939 2835 ant
947 2772 1120 2836 Paullinum

195 2890 246 2945 aut
260 2898 446 2963 quemquam
457 2879 629 2942 Romanum
643 2895 780 2959 unquam
793 2879 884 2957 hujus
901 2877 993 2941 maris
1007 2879 1121 2942 littori·

194 2991 251 3052 bus
264 2987 532 3070 appropinquasse;
548 3004 605 3048 nec
615 2987 796 3049 contendam
811 3005 862 3049 eos
872 2986 973 3067 Nigris
985 2986 1120 3049 tluminis

194 3095 275 3176 ripas
292 3094 437 3176 attigisse,
452 3100 504 3156 aut
519 3091 580 3156 Nili
594 3093 651 3155 sub
664 3091 854 3174 aequinoctiali
868 3091 984 3156 fontem
995 3092 1120 3157 intuitos

194 3220 276 3265 asse:
292 3201 335 3263 illi
346 3200 430 3262 enim
443 3217 580 3262 neceum
594 3196 726 3260 scientiae
738 3215 885 3273 amorem,
894 3216 956 3280 quo
965 3197 1117 3273 ardemus,

192 3327 250 3372 nec
265 3326 300 3371 ea
318 3308 518 3371 instrumenta
540 3306 652 3388 quibus
666 3305 773 3369 armati
791 3322 897 3369 sumus
920 3323 1024 3368 secum
1042 3305 1119 3368 ferre

192 3420 342 3495 poterant.
357 3412 416 3476 Sed
433 3413 497 3475 inte
510 3430 618 3474 ornnes
630 3411 756 3475 humani
773 3409 890 3491 generis
904 3410 1009 3476 fratres
1022 3410 1119 3474 latens

192 3528 238 3583 est
253 3519 384 3582 scientia
408 3519 549 3601 quaedam
574 3518 666 3581 veluti
689 3517 881 3599 conspiratio,
908 3538 968 3600 qua
985 3520 1032 3582 vel
1046 3519 1119 3582 lon-

192 3627 382 3709 ginquissimi
397 3626 614 3689 remotissimos
627 3644 690 3689 non
703 3626 830 3689 omnino
846 3625 996 3706 ignorant.

555 3815 728 3829 ψ
