2648 4560
584 275 745 336 „36-

193 402 267 466 sulis
280 410 348 465 ante
361 402 471 464 Slerro
484 403 588 478 hone,
604 421 656 466 seu
670 405 836 466 Ferreando
848 404 902 479 Pe,
914 423 966 468 seu
979 404 1118 468 Sberbro.

192 507 308 590 Polybii
322 508 447 591 quidem
461 508 592 571 diximus
607 510 715 582 Cerne;
732 529 805 574 nam
820 511 899 574 sicut
919 511 1050 575 vidimus
1063 531 1121 594 ap·

193 615 301 698 pellari
321 617 432 678 Limum
454 635 607 698 quemque
633 617 826 681 occidentalis
847 618 955 682 lllricae
976 637 1120 696 amnem,

193 726 346 788 Atlantem
359 743 513 807 quemque
526 732 673 801 montem,
689 723 766 788 sicut
779 732 896 789 constat
913 726 1008 790 Thale
1026 726 1121 790 dictas

193 850 299 895 omnes
319 830 500 914 hyperborei
521 830 614 894 maris
632 831 755 908 insulas
784 852 840 896 nec
861 852 924 897 non
945 832 1046 898 forsan
1062 836 1119 896 Ta

190 937 323 1018 probare
341 957 448 1001 omnes
467 937 575 1014 Indici,
591 937 634 1000 sic
657 957 781 1021 quoque
798 941 997 1021 cogitandum
1022 948 1068 1004 est
1089 940 1122 1002 in

193 1044 240 1106 bis
258 1044 467 1108 remotissimis
488 1045 586 1127 plagis
608 1045 702 1107 Cerne
722 1046 873 1110 nominari
892 1048 995 1128 plures
1014 1046 1120 1110 incerti

196 1151 330 1215 nominis
356 1152 483 1216 insulas.
512 1152 636 1234 Nepotis
662 1161 764 1215 autem
787 1154 882 1216 Cerne
905 1172 968 1218 non
988 1155 1122 1217 multum

195 1259 233 1320 ab
246 1279 281 1322 ea
295 1279 363 1342 quae
375 1259 501 1340 Polybio
510 1266 707 1336 memoratur,
719 1257 776 1323 nisi
786 1262 893 1324 eadem
906 1262 955 1339 sit,
968 1262 1071 1325 abesse
1079 1260 1123 1326 vi-

194 1368 292 1429 detur.

232 1474 372 1536 Atlantis
387 1494 509 1558 quoque
522 1476 630 1540 eodem
640 1477 697 1539 sub
706 1476 783 1540 coelo
795 1477 956 1559 quaerenda
970 1485 1025 1552 est,
1042 1477 1121 1541 infra

103 1583 105 1589 ’
194 1583 583 1664 Hesperiumcornu.lllud
591 1584 859 1648 autemdtlantidis
868 1605 980 1648 nomen
989 1586 1122 1650 Platonis

195 1689 676 1769 labulamceleberrimaminvito
684 1693 840 1774 scriptore,
848 1693 1026 1757 inanimum
1034 1694 1123 1757 redu-

194 1798 253 1874 cit;
270 1800 307 1862 de
320 1819 381 1881 qua
396 1800 503 1862 multae
529 1800 617 1862 editae
630 1808 702 1863 sunt
725 1799 955 1882 disputationes
982 1801 1122 1884 Plerique

194 1908 273 1969 hauc
283 1906 425 1982 insulam,
436 1912 487 1968 aut
501 1914 611 1969 terram
627 1904 807 1969 inundatam
820 1905 911 1969 luisse
929 1914 960 1969 et
972 1906 1029 1968 sub
1043 1907 1123 1969 ssuc-

194 2014 275 2076 tibus
289 2031 420 2077 mcrsam
430 2013 645 2089 existimavere,
660 2033 718 2077 nec
732 2031 795 2077 non
814 2013 931 2076 Viridis
945 2023 1124 2096 promonto-

195 2121 232 2184 rii
247 2122 360 2185 insulas
373 2129 519 2205 tanquam
541 2120 797 2204 supereminentia
817 2120 970 2184 montium
982 2122 1056 2204 Juga
1068 2123 1122 2185 ha-

124 2301 128 2307 )
196 2215 298 2291 buere.
315 2228 394 2292 Sunt
400 2228 490 2291 etiam
505 2228 569 2310 qui,
589 2227 761 2290 American
774 2227 1121 2309 respicientes,arbitrati

195 2334 256 2397 sint
280 2335 321 2397 ibi
345 2335 528 2398 fortunatam
547 2353 633 2397 suam
660 2335 882 2417 rempublicam
902 2336 1068 2413 Platonem,
1088 2345 1123 2400 ut

195 2441 284 2504 multi
296 2441 405 2505 nostris
414 2442 520 2505 diebus
530 2447 731 2518 tentaverunt,
744 2441 888 2523 posuisse.
904 2441 1011 2506 Nonne
1020 2451 1122 2505 autem

196 2548 412 2611 satiusvidetur
422 2546 540 2631 opinari
549 2547 705 2610 Platonem
715 2547 815 2626 jacere
824 2546 857 2608 in
866 2547 1121 2629 longinquissima

195 2656 272 2720 mari
293 2657 407 2721 insulas
427 2656 592 2720 nonnullas
614 2655 768 2730 edoctum,
790 2672 847 2716 nec
868 2654 969 2718 forsan
989 2654 1123 2717 nominis

160 2782 161 2786 ¹
194 2763 367 2827 Atlantidis
374 2764 554 2847 geographis
565 2760 723 2827 memorati
738 2760 878 2838 inscium,
889 2762 949 2824 boc
962 2760 1019 2824 sub
1034 2762 1121 2838 caelu,

196 2871 280 2933 nulla
302 2878 382 2934 certa
406 2871 539 2951 regione,
564 2886 650 2932 suam
670 2868 850 2930 meditatum
869 2887 933 2931 esse
957 2868 1121 2932 coloniam.

196 2976 353 3060 Quidquid
380 2976 411 3038 id
437 2985 504 3052 est,
531 2974 622 3038 Plinii
646 2975 787 3036 Atlantia
810 2982 879 3037 ante
900 2975 1007 3038 Sierrc
1028 2974 1123 3035 Leone

195 3083 286 3148 luisse
297 3085 353 3148 sita
366 3084 442 3148 mihi
457 3084 586 3147 videtur.
1103 3161 1109 3173 ὓ

237 3194 389 3273 Gorqedes
403 3201 505 3256 autem
517 3191 623 3254 insulae
637 3197 706 3253 ante
719 3189 899 3270 Hesperium
912 3207 1008 3251 cornu
1022 3207 1124 3268 surge-

196 3297 280 3376 bant,
294 3298 452 3361 Hannonis
471 3297 644 3360 narratione
658 3296 860 3378 deprehensa,
881 3302 911 3356 et
931 3294 1019 3356 hirtis
1037 3294 1123 3357 lemi-

197 3425 305 3469 narum
320 3406 461 3487 pellibus.
480 3404 699 3469 Contendimus
716 3410 818 3467 autem
833 3403 1012 3484 Hesperium
1026 3421 1122 3466 cornu

197 3511 439 3594 promontorium
452 3509 637 3585 Virideesse,
651 3511 734 3592 quod
748 3517 853 3572 contra
866 3516 936 3570 sunt
949 3507 1054 3570 multae
1067 3507 1124 3570 im-

195 3619 300 3700 primis
314 3619 431 3694 iusulae3
452 3617 529 3694 aliae,
545 3626 580 3681 ut
593 3615 1124 3698 XenophontiLampsaceuomemo-

195 3738 306 3805 ratum,
321 3725 406 3790 bidui
422 3725 610 3805 navigatione
624 3746 641 3789 a
654 3725 830 3789 continente
844 3723 966 3786 distant.
982 3723 1060 3801 lmo,
1078 3724 1122 3786 fe
