2648 4560
581 283 738 347 -64-

194 438 344 482 consensu
367 417 505 500 proditur
528 417 601 478 tales
618 435 682 479 esse
705 415 736 476 in
760 413 953 476 interioribus
969 413 1054 476 terris
1069 413 1119 475 ἰιι·

193 528 285 602 colas,
297 545 359 589 non
377 525 469 590 animi
485 533 614 598 tautum,
631 523 683 586 sed
712 521 848 602 corporis
861 539 983 603 quoque
1011 520 1119 582 imma·

195 636 288 697 nitate
302 635 467 698 mirandos

234 739 321 804 Multi
335 739 497 822 quaesivere
511 756 580 819 quae
588 735 674 816 origo
688 733 779 796 fuerit
793 733 960 814 Abyssinis,
978 733 1041 815 qui,
1058 751 1120 795 non

195 849 383 929 AEthiopum‚
412 865 475 909 non
500 846 677 928 Coptorum,
694 843 746 906 sed
759 843 981 924 Europaeorum
1000 840 1120 904 habitus

195 954 366 1036 formasque
380 961 499 1035 gerunt.
517 951 659 1035 Corporis
672 959 774 1013 autem
785 948 1043 1030 contemplatione
1056 969 1122 1011 rna-

195 1061 340 1125 nifestum
354 1068 399 1124 est
425 1061 537 1124 Arabas
551 1079 615 1123 esse
630 1079 666 1121 ex
684 1058 783 1121 vicina
799 1058 960 1140 peninsula
983 1057 1015 1119 in
1038 1077 1121 1120 oram

195 1168 296 1250 Libyae
309 1176 518 1248 transgressos.
547 1167 607 1230 Hic
626 1183 750 1248 quoque
776 1165 901 1227 historia
929 1165 1122 1246 geographiae

197 1277 355 1339 succurrit.
383 1275 505 1339 Etenim
529 1275 594 1355 ipse
616 1273 744 1349 Plinius,
768 1274 847 1337 luba
872 1281 1005 1348 auctore,
1022 1273 1124 1354 prodit

197 1385 314 1447 accolas
328 1383 414 1448 Nilia
428 1384 534 1464 Syene,
551 1401 614 1444 nou
624 1382 802 1463 AEthiopum
822 1381 964 1462 populos,
983 1380 1036 1442 sed
1051 1381 1124 1443 Ara-

197 1493 274 1555 bum
287 1510 349 1555 esse
363 1510 459 1572 usque
473 1491 511 1553 ad
524 1493 660 1555 Meroen.

237 1598 384 1661 Hiautem
394 1598 499 1678 populi
509 1615 586 1678 quos
599 1596 747 1670 videmus,
761 1604 899 1677 ternpore
912 1595 1014 1670 Plinii,
1027 1615 1123 1658 exeo

199 1701 1123 1784 loniisArabumconflatospurumservaveruntsanguinem,

198 1810 405 1891 eaprresertim
415 1828 514 1884 causa,
524 1808 607 1891 quod
620 1808 801 1888 religionem
812 1807 921 1872 Christi
933 1808 1040 1889 primis
1051 1815 1128 1870 tem-

199 1917 325 1999 poribus
338 1918 480 1997 amplexi,
491 1934 609 1996 semper
623 1915 743 1984 discreti
757 1915 881 1980 luerunt
895 1935 912 1978 a
927 1916 1045 1992 vicinis,
1072 1934 1128 1977 neo

198 2043 230 2086 se
244 2044 315 2087 oum
329 2025 366 2087 iis
379 2025 508 2087 libenter
522 2023 685 2088 connubiis
699 2024 898 2090 miscuerunt.
922 2024 1044 2088 Etenim
1058 2024 1130 2087 Pro·
1184 2038 1188 2053 ¹

199 2131 306 2213 copius
319 2132 410 2195 refert
424 2150 526 2212 regem
536 2131 726 2214 AEthiopum,
736 2132 811 2195 dum
825 2131 1015 2195 Justinianus
1024 2150 1133 2222 regna·¹

200 2246 254 2316 ret,
275 2239 480 2304 Christianum
494 2239 596 2303 fuisse.
1131 2236 1134 2241 “

239 2349 410 2429 Praecipuos
423 2347 531 2411 Africo
544 2349 675 2428 populos
688 2347 908 2426 recensuimus
941 2348 1056 2430 ubique
1076 2367 1130 2410 an-

202 2455 302 2536 tiquos
323 2474 394 2518 cum
417 2454 635 2518 recentioribus
659 2454 821 2517 conciliare
836 2455 1148 2536 conati,saepiusque·

200 2563 308 2636 evenit,
319 2563 375 2623 nisi
384 2561 579 2624 nostranobis
593 2561 662 2640 plus
673 2561 755 2640 justo
766 2561 865 2641 placet
876 2579 976 2635 causa,
988 2568 1021 2622 ut
1031 2561 1127 2623 nostri

202 2678 327 2731 conatus
355 2688 417 2731 non
450 2668 526 2731 irriti
555 2668 705 2730 cederent.
737 2667 877 2730 Vidimus
905 2668 1028 2731 eosdem
1064 2686 1130 2731 esse

203 2777 294 2839 hodie
316 2796 351 2838 ac
374 2783 512 2857 tempore
538 2775 626 2838 Plinii
653 2769 754 2855 Libyae
781 2775 906 2853 incolas,
933 2776 1042 2839 iisdem
1069 2776 1130 2839 lere

200 2883 284 2945 locis.
300 2884 368 2947 Non
385 2883 509 2965 quidem
525 2882 701 2962 negandum
716 2891 759 2944 est
773 2882 900 2964 Libyam
915 2883 1057 2947 maximis
1071 2903 1129 2966 po-

201 2990 345 3069 pulorum
372 2989 506 3052 motibus
537 2989 628 3051 luisse
652 2989 812 3069 agitatam,
844 2990 1033 3053 credendum
1067 2990 1130 3054 imo

202 3095 298 3177 ipsam
307 3096 433 3177 Lybiam
446 3098 484 3159 ab
496 3096 566 3160 Asia
580 3096 694 3159 incolas
709 3117 781 3160 suos
795 3097 956 3179 accepisse,
970 3098 1022 3159 sed
1036 3117 1131 3179 quam

200 3204 1132 3287 multasaeculaexquoeosnovaillaterraaccepit,consump

203 3320 233 3373 ta
246 3311 329 3374 sunt!
348 3312 462 3373 Verum
476 3331 512 3373 ex
526 3330 588 3393 quo
601 3311 719 3374 Plinius
732 3309 863 3391 scripsit,
879 3328 942 3372 non
959 3309 1057 3390 magis
1071 3308 1132 3371 tere

204 3418 311 3481 mutati
325 3418 448 3481 fuerunt
459 3418 559 3498 Libyae
570 3418 687 3509 populi,
710 3437 804 3501 quam
821 3417 879 3500 ipsi
892 3424 1024 3493 montes,
1037 3434 1132 3497 quam

206 3526 261 3607 ipsi
272 3526 340 3601 loci,
353 3545 444 3608 quam
458 3525 523 3607 ipsa
535 3524 639 3606 Libya.

625 3744 733 3758 ——2-
