2648 4560
570 336 731 399 ...57-

135 524 140 532 .
194 472 280 536 illam
294 470 444 552 originem
458 477 611 544 testantes,
635 469 765 550 longiori
786 470 870 552 operi
885 469 1021 534 materia.
1035 469 1117 535 llar-

193 580 317 643 maridae
331 587 403 642 sunt
412 585 515 641 autem
529 576 757 656 Adyrmachidae
770 585 799 639 et
808 577 957 653 Mareotae,
976 595 1034 640 nec
1053 594 1116 638 non

194 687 354 770 permultis
368 685 566 769 scriptoribus
580 685 721 747 celebrati
735 685 911 767 Lotophagi.

234 794 486 875 Troglodytarum
505 791 641 866 nomine,
657 799 692 855 ut
703 791 892 856 Gaetulorum
903 800 934 855 et
951 791 1115 856 Garaman-

194 912 272 980 tum,
295 903 399 985 plures
421 899 528 983 populi
552 899 759 980 designantur.
775 899 887 981 Ingens
907 899 1021 963 familia
1040 899 1118 962 Tro-

194 1009 346 1092 glodytica
359 1007 554 1090 potiusquam
569 1013 650 1068 certa
668 1026 702 1069 ac
713 1006 799 1069 finita
811 1008 895 1088 regio
909 1007 1048 1069 habenda
1061 1015 1115 1071 est.

194 1118 233 1182 llt
255 1116 403 1192 Gaetuliae,
431 1115 475 1178 sic
496 1122 526 1177 et
546 1112 765 1195 Troglodyticae
786 1113 855 1177 finis
874 1133 931 1177 nac
951 1124 1041 1178 notus
1074 1125 1119 1178 est

196 1244 252 1288 nec
265 1242 404 1306 unquam
417 1222 491 1297 luit3
517 1221 709 1302 Troglodytae
729 1229 800 1284 sunt
814 1240 920 1284 omnes
934 1228 1038 1301 gentes
1051 1240 1119 1302 quaa

195 1351 212 1394 a
235 1331 452 1395 solitudinibus
493 1329 530 1391 ad
558 1329 661 1391 sinum
688 1328 853 1392 Arabicum
874 1336 904 1391 et
930 1328 1117 1409 Erythraeum

194 1456 288 1512 mare,
304 1435 435 1517 exceptis
448 1434 617 1516 Abyssinia,
628 1434 727 1498 Nubia
738 1443 768 1498 et
779 1437 920 1516 AEgypto,
935 1436 1058 1515 degunt.
1076 1436 1120 1499 Ex

195 1544 284 1608 Plinii
308 1543 395 1605 libris
418 1542 541 1606 diflicile
561 1550 606 1604 est
627 1542 819 1623 Troglodytis
841 1543 945 1606 locum
958 1542 1118 1623 assignare.

194 1651 317 1714 Etenim
330 1651 372 1714 ait
388 1674 402 1707 «
421 1650 556 1733 prolecto
571 1669 589 1713 a
602 1649 837 1714 Garamantibus
849 1651 888 1712 ad
907 1669 1049 1713 occasum
1066 1651 1121 1713 iter

196 1778 259 1821 esse
281 1759 320 1822 ad
341 1757 541 1840 Troglodytas
562 1780 592 1820 o,
617 1757 733 1820 Eadem
752 1755 814 1819 iere
832 1757 1020 1840 Pomponius
1032 1757 1118 1821 Mela.

197 1866 265 1928 Scio
287 1865 412 1947 quidem
434 1864 584 1940 Plinium,
606 1864 691 1928 Iubae
705 1865 939 1926 commentarios
962 1872 1121 1941 secutum,

197 1970 312 2033 vicinos
333 1970 393 2034 Nili
416 1970 491 2052 ripis
512 1969 622 2034 deinde
635 1988 805 2032 memorare
818 1971 1026 2052 Troglodytas,
1042 1992 1122 2054 quo-

197 2096 267 2141 rum
286 2076 456 2141 maximum
481 2077 654 2158 emporium
693 2077 844 2161 oppidum
867 2077 1038 2140 Aduliton:
1071 2096 1121 2141 re-

197 2202 287 2260 rum,
316 2202 378 2266 quo
409 2183 521 2246 certius
553 2185 752 2258 edoceamur,
789 2184 1000 2247 revertendum
1015 2192 1060 2246 est
1085 2185 1123 2247 ad

198 2291 340 2355 Herodoti
354 2291 573 2373 Strabonisque
595 2290 831 2372 Geographiam.
854 2291 980 2356 Constat
1002 2311 1124 2374 quoque

199 2400 428 2480 Agatharchidis
450 2400 589 2482 periplo,
619 2401 651 2462 in
679 2401 834 2481 Erythraeo
864 2403 942 2462 mari
970 2399 1122 2472 confecto,

199 2505 395 2587 Troglodytas
408 2507 499 2585 hujus
515 2508 608 2569 maris
622 2524 683 2568 orae
697 2505 790 2569 luisse
804 2506 969 2588 proximos.

240 2614 332 2694 Cujus
366 2615 524 2696 sanguinis
550 2613 664 2677 luerint
688 2614 880 2694 Troglodytae
910 2614 991 2696 apud
1014 2622 1126 2677 veteres

202 2721 356 2786 incertum
369 2730 413 2786 est
421 2742 430 2802 ;
446 2723 641 2804 lllthiopibus
660 2722 744 2784 enim
757 2721 902 2803 proximi,
913 2723 1080 2802 semperab
1089 2721 1126 2784 iis

200 2828 439 2910 distinguuntur,
454 2848 517 2893 non
531 2830 634 2893 colore
646 2837 736 2904 certe,
754 2848 851 2912 quum
865 2830 927 2892 sole
941 2829 1050 2904 exusti,
1060 2829 1126 2893 ins-

199 2955 270 2999 cum
284 2937 420 3018 corporis
444 2937 583 3000 habitum
613 2936 783 3012 induerint3
811 2938 863 3001 sed
881 2936 1017 3019 corporis
1031 2935 1127 3015 ligura

200 3044 334 3108 acfacie.

239 3152 317 3216 Iuba
339 3152 474 3216 Plinium
481 3154 613 3231 edocuit,
629 3173 681 3218 eos
695 3154 881 3218 commercio
894 3172 954 3216 orae
973 3150 1127 3215 orientalis

131 3342 134 3346 λ
200 3258 272 3337 frui,
289 3260 320 3322 id
340 3269 394 3334 est,
417 3280 487 3323 cum
510 3262 626 3325 Arabiae
640 3262 773 3345 populis,
792 3282 810 3326 a
831 3261 1035 3325 remotissimo
1053 3268 1130 3322 tem·

201 3383 275 3446 pore
313 3366 488 3431 societatem
504 3370 668 3451 quamdam
681 3370 876 3453 praedationis
890 3368 1011 3450 agitare.
1039 3366 1126 3440 Imo,

201 3473 320 3537 locutus
346 3475 384 3538 de
412 3477 547 3552 Azareis,
579 3478 758 3559 sanguinem
788 3497 840 3542 eos
868 3496 940 3540 cum
974 3474 1127 3539 lrabibus

201 3579 357 3645 miscuisse
370 3585 537 3648 contendit,
562 3585 653 3664 Quod
661 3586 685 3649 si
697 3587 818 3650 Graecos
826 3586 1058 3666 interrogamus,
1068 3583 1127 3645 He-

208 3689 349 3753 ‘odotum
366 3691 504 3756 videmus
517 3693 555 3755 de
567 3692 603 3755 iis
616 3692 812 3769 fabulantem,
842 3691 1032 3757 Aristotelem
1046 3707 1097 3751 eos
1112 3708 1128 3750 e

204 3794 360 3860 simiarum
366 3817 476 3877 genere
484 3808 570 3865 natos
580 3800 788 3865 mentientem.
799 3802 884 3868 Unus
892 3808 994 3864 autem
1008 3797 1127 3874 Strabo,
