2648 4560
598 307 756 374 ...¹10-

211 437 396 500 commisisse
413 435 620 518 AEthio'pibus,
638 435 702 517 qui,
721 442 796 500 teste
814 437 958 516 Lucano,
987 443 1138 508 calentem

210 544 313 609 Nilum
333 544 481 606 viderunt.
498 544 617 606 Nerone
631 550 732 605 autem
745 545 882 622 J'ubente,
898 548 1031 613 maxima
1045 560 1135 628 certe,

210 668 272 713 non
287 649 354 712 dico
377 667 506 711 numero
519 649 758 729 exploratorum,
771 650 823 712 sed
837 650 1139 738 itinerislonginqui-

210 764 279 832 tate,
297 774 364 838 quae
377 773 514 838 unquam
535 774 553 816 a
571 754 716 818 Romanis
736 756 827 819 missa
840 765 885 820 ast
903 759 1065 840 expeditio,
1084 780 1139 843 per

210 883 277 927 eam
291 863 371 926 viam
385 863 422 925 ad
435 863 555 942 ignotas
573 860 736 943 superioris
753 861 813 926 Nili
831 863 914 945 ripas
932 867 1088 946 remeavit,
1103 889 1138 932 ac

210 971 320 1034 deinde
333 970 454 1034 miranti
464 970 577 1046 Roma,
591 970 629 1032 de
642 968 801 1033 fervidiore
813 971 871 1034 bac
883 972 1018 1053 regione,
1030 977 1138 1055 prodi·
1214 963 1216 968 ¹

211 1079 292 1159 giosa
306 1077 430 1159 quidem
444 1095 506 1139 non
521 1075 594 1140 falsa
608 1076 791 1139 documenta
805 1077 919 1141 retulit.

249 1185 394 1263 Quamvis
406 1185 463 1246 hac
477 1183 668 1264 expeditione
674 1184 808 1246 multum
820 1202 946 1248 romana
955 1190 1139 1270 geographia

211 1291 380 1374 profecerit,
400 1281 527 1354 obscura
544 1298 645 1352 tamen
660 1289 743 1371 apud
752 1290 885 1353 Plinium
894 1292 1003 1371 legitur
1016 1295 1138 1359 Niliacae

210 1400 343 1479 regionis
357 1398 530 1480 descriptio.

250 1505 335 1569 Unde
351 1504 467 1568 Plinius
480 1504 544 1565 baec
559 1502 678 1585 proiere
694 1509 811 1585 potest:
831 1505 1009 1586 «originem
1030 1507 1137 1589 (Nilus)

210 1615 240 1676 in
259 1619 363 1674 monte
378 1611 527 1673 inferioris
540 1611 736 1686 Mauritania,
753 1630 815 1674 non
830 1614 937 1693 procul
951 1612 1072 1677 Oceano
1086 1614 1139 1675 ha-

209 1721 260 1782 bet
271 1719 350 1801 llll»
363 1718 432 1800 lpse
445 1718 550 1799 aperit.
566 1718 688 1782 Etenim
697 1719 792 1795 tuba,
805 1718 836 1781 id
846 1726 890 1782 est
902 1721 1031 1784 Romani
1045 1740 1138 1801 regu-

209 1828 241 1901 li,
253 1828 354 1908 potius
367 1845 459 1908 quam
474 1825 645 1888 novissimis
657 1825 884 1889 commentariis
898 1827 1006 1907 fidens,
1025 1835 1078 1891 aut
1092 1829 1139 1910 ip-

209 1954 278 1999 sum
306 1934 430 1997 fortasse
453 1934 564 1997 iubam
589 1951 652 1995 nou
673 1941 754 1996 recte
777 1933 1001 2017 interpretatus,
1020 1937 1058 2000 de
1078 1937 1138 2000 alio

210 2061 334 2130 prorsus
348 2042 475 2105 flumine
498 2039 645 2122 loquitur.
665 2040 817 2117 Attamen,
843 2061 940 2124 quum
963 2062 1025 2106 non
1044 2046 1139 2125 possit

210 2150 336 2213 omnino
354 2149 495 2212 omittere
511 2156 689 2211 caeterorum
710 2148 881 2232 opiniones,
903 2150 1009 2213 addit:
1027 2175 1043 2210 n
1058 2150 1138 2216 Lacu

210 2256 349 2339 protinus
362 2262 521 2334 stagnante
535 2272 628 2335 quem
639 2261 748 2317 vocant
759 2255 900 2318 Nilidem.
909 2279 923 2314 n
931 2256 1028 2331 Nilus,
1037 2257 1139 2320 statim

209 2363 247 2424 ab
261 2360 388 2441 origine,
401 2359 433 2421 in
444 2360 547 2422 lacum
558 2358 677 2422 infundi
689 2361 874 2442 prodebatur
887 2363 969 2442 apud
981 2363 1136 2445 antiquos;

210 2469 403 2552 quaequidem
419 2466 524 2549 opinio
539 2467 696 2549 prevaluit
710 2470 790 2551 apud
804 2471 932 2545 Arabas;
950 2471 1139 2553 consentitur

210 2577 339 2641 ethodie
352 2575 524 2656 Nigritis.ll
545 2576 657 2658 quibus
678 2584 780 2639 autem
793 2578 873 2640 benc
886 2576 1002 2640 Plinius
1012 2596 1138 2660 accepe-

210 2684 260 2759 rit,
277 2683 445 2760 maniseste,
463 2681 517 2745 etsi
538 2683 730 2763 generalibus
746 2683 856 2762 verbis,
878 2685 1020 2760 declarat,
1042 2705 1138 2767 quum

211 2791 254 2853 sic
280 2791 389 2853 desinit
405 2810 412 2852 ι
429 2812 444 2848 n
461 2790 602 2871 famaque
623 2797 743 2853 tantum
770 2789 879 2853 inermi
907 2791 1050 2874 quaesitus
1074 2794 1139 2856 sine

210 2897 308 2972 bellis,
324 2914 391 2976 quae
404 2901 524 2957 caeteras
538 2913 646 2958 omnes
659 2904 754 2959 terras
772 2895 924 2959 invenere.
944 2921 959 2956 a
1041 2901 1043 2905 ’

249 3003 368 3067 Falsam
381 3020 452 3082 ergo
466 3001 604 3063 videmus
627 3001 687 3065 Nili
707 3003 789 3083 apud
809 3003 943 3067 Plinium
965 3006 1140 3089 descriptio-

210 3129 291 3185 nem,
309 3129 364 3173 nec
386 3109 617 3189 intelligendam
641 3108 795 3190 cuiquam,
817 3109 874 3172 nisi
896 3111 1139 3180 animadverterit

210 3236 271 3280 uno
286 3217 421 3293 nomine,
436 3234 498 3279 una
512 3215 724 3297 descriptione,
742 3215 836 3278 trium
854 3216 1018 3281 fluminum
1033 3237 1139 3281 cursus

210 3322 384 3405 imperfecte
398 3323 523 3404 quidem
536 3321 675 3385 describi.
699 3322 773 3400 Quae
795 3323 922 3386 llumina
941 3331 1013 3387 sunt
1034 3326 1136 3402 Nilus,

209 3432 343 3512 Nigeret
352 3430 420 3494 Gir.
436 3430 524 3492 Nunc
534 3429 646 3510 cuique
659 3429 940 3493 suumtribuamus.
954 3432 1013 3496 Gir
1021 3431 1136 3494 flumen

208 3546 253 3600 est
263 3535 448 3601 Mauritania
461 3535 605 3616 exiguum
619 3536 697 3599 ultra
710 3544 847 3599 montem
861 3536 993 3616 Atlanta,
1009 3538 1094 3620 quod
1108 3546 1139 3602 et

246 3744 284 3818 n)
304 3747 415 3815 Plinius,
429 3749 461 3815 v,
476 3751 521 3803 ro.
