2648 4560
591 323 626 336 ..
652 288 689 355 lg
711 327 748 335 ..

207 416 382 503 toblepatel
416 418 491 500 Quis
524 430 709 486 autemnon
731 422 869 500 miretur,
894 432 989 506 quum
1008 418 1135 488 interius

206 524 333 611 Libyam
348 529 434 592 illam
450 538 633 608 scrutantur,
649 532 776 595 viatores
793 549 828 595 ee
851 526 991 595 animalia
1011 545 1134 596 cernere

206 657 274 720 quae
297 646 505 702 monstrorum
529 638 639 716 Plini0,
661 633 718 702 etsl
741 633 798 720 ipsi
816 634 974 704 incredulo
995 638 1133 723 descrip-

205 752 320 823 torum,
344 746 405 810 lere
427 751 563 810 exactam
577 747 704 811 reddant
721 739 910 829 imaginem?
934 772 947 808 (ι
966 746 1132 813 Leucroco-

206 861 280 933 tam,
294 849 337 918 ait
349 841 466 918 Plinius
487 846 728 938 pernicissimam
742 856 848 936 leram,
863 854 940 921 asini
960 848 1021 921 lere
1041 868 1132 940 meg·
1149 916 1154 927 .

206 957 357 1041 nltudlne,
378 952 517 1026 cruribus
530 952 672 1042 cervinis,
694 954 784 1041 colle,
809 960 915 1043 caude,
931 960 1132 1047 'pecto'relco-

204 1071 269 1148 nis,
300 1073 399 1154 capite
423 1072 568 1147 melium,
593 1072 711 1136 bisulca
736 1072 867 1154 ungula,
897 1088 949 1138 ore
981 1074 1019 1137 ed
1045 1086 1132 1138 eures

203 1200 300 1264 usque
324 1179 444 1258 reciss0,
470 1172 610 1244 dentium
633 1182 702 1244 loc'o
724 1194 791 1244 osse
804 1189 961 1263 perpetuo.
981 1205 996 1241 a
1021 1172 1132 1248 llultos
1169 1251 1171 1255 ,

203 1294 272 1373 post
285 1286 420 1356 Plinium
434 1312 543 1370 annos,
559 1293 662 1355 videre
676 1287 735 1354 luit
746 1291 780 1353 in
791 1286 974 1354 bibliotheca
985 1284 1131 1373 principis

203 1397 330 1476 Nassan,
351 1398 516 1482 imaginem
532 1400 617 1464 bovis
630 1397 744 1482 pacessi
753 1396 809 1480 (l),
826 1399 931 1460 eadem
944 1395 1006 1460 lere
1020 1397 1128 1478 figura,

203 1508 260 1571 nisi
275 1508 359 1591 quod
373 1517 472 1573 essent
496 1511 602 1573 dentes
620 1527 676 1590 pro
690 1527 756 1572 osse
769 1498 928 1582 contiuuo,
950 1524 1044 1587 osque
1065 1512 1130 1568 mc-

110 1613 111 1616 ’
201 1613 278 1678 lium
299 1613 429 1679 similius
455 1635 615 1680 cervorum
634 1615 679 1679 ori
698 1613 860 1678 videretur.
884 1611 983 1691 Quam
1001 1611 1129 1675 bestiam

201 1727 357 1788 Surruson
368 1723 498 1786 affirmat
512 1724 544 1786 in
554 1723 661 1786 ultima
670 1712 771 1802 libyae
784 1719 1074 1802 occidentalisparte
1083 1718 1129 1782 in-

201 1829 307 1895 veniri.
318 1830 397 1894 Ecce
404 1838 506 1894 autem
512 1829 561 1893 his
570 1829 631 1892 lere
642 1826 730 1891 annis
740 1828 773 1891 in
781 1827 903 1892 australi
917 1826 1020 1908 Libya,
1037 1827 1129 1908 longe

201 1936 532 2022 ultraaequinoctielem
540 1933 844 2013 circulum,similem
854 1928 982 2000 bestiam
991 1952 1128 2016 reperere

201 2033 341 2122 viatores,
353 2046 471 2128 virque,
481 2046 587 2109 multis
595 2045 754 2108 itineribus
764 2033 896 2122 iunctus,
905 2045 1016 2127 pellem
1024 2033 1129 2108 retulit

199 2155 370 2231 llnunmox,
393 2172 461 2237 quae
473 2150 610 2230 Lutetiae,
633 2152 774 2216 omnium
793 2147 890 2218 oculis
907 2152 1072 2236 proposita,
1096 2140 1128 2216 l'n

200 2259 397 2325 celeberrimo
414 2261 560 2324 naturalis
578 2252 712 2325 historice
730 2257 842 2328 Musaeo
854 2263 1032 2326 asservatur.
1052 2260 1127 2340 Quae

199 2380 301 2434 autem
317 2367 412 2433 bestia
426 2388 489 2433 non
510 2361 568 2432 bos
581 2366 720 2446 babetur,
736 2370 788 2432 scd
810 2367 943 2451 antilops
964 2370 1053 2435 Gneo
1071 2370 1124 2454 (ἓ).

238 2474 307 2562 lpse
329 2495 453 2562 quoque
473 2479 506 2541 in
528 2469 634 2542 eadem
648 2475 749 2560 Libyco
769 2485 854 2561 parte
873 2477 974 2543 vivere
994 2467 1127 2541 creditur

197 2607 394 2665 monoceros,
417 2587 468 2683 cui
490 2587 583 2651 fidem
611 2585 748 2651 adbiberi
769 2587 878 2650 Covrrn
900 2585 1123 2668 indignabatur.

198 2698 320 2761 Constet
343 2697 425 2780 apud
445 2697 599 2761 interioris
620 2692 722 2778 Libyae
740 2695 872 2777 populos
895 2692 974 2758 hanc
997 2688 1123 2759 bestiam

196 2823 260 2868 non
271 2805 395 2868 fuissea
412 2805 509 2886 poetis
535 2806 653 2879 fictam
677 2818 784 2867 omnes
797 2801 911 2866 etenim
928 2793 1055 2882 hujusce
1074 2820 1124 2864 re-

196 2913 297 2994 gionis
318 2913 448 2994 Nigrites
467 2913 500 2974 in
523 2923 622 2976 unum
637 2904 696 2975 hoc
719 2900 922 2987 conveniunt;
945 2907 1032 2989 cujus
1054 2907 1124 2972 ferae

195 3021 373 3104 imaginem,
389 3039 452 3083 non
466 3014 649 3103 peritissime
671 3009 796 3102 quidem
810 3012 970 3082 delineavit
981 3016 1027 3082 vir
1040 3019 1125 3101 prin-

194 3151 275 3213 ecps,
309 3129 568 3206 Ano-nn·Dern,
593 3128 784 3210 imperatoris
802 3125 899 3192 Bnmo
918 3126 1121 3211 propinquus,

193 3240 350 3322 Europaeis
364 3237 550 3303 amicissimi.
564 3237 623 3316 Qui
634 3255 731 3321 quum
738 3227 1122 3301 Lutetiae‘commercioviri

194 3349 367 3411 excellentis
385 3347 491 3410 Isidori
515 3349 670 3411 Gnormor
685 3345 911 3410 Satur-Homer
931 3352 1077 3421 uteretur,
1093 3347 1124 3408 et

192 3457 248 3521 bic·
257 3455 433 3520 delineasset
444 3463 684 3533 monocerotem,
695 3454 853 3517 immobile
866 3452 898 3516 in
912 3453 1011 3517 fronte
1025 3470 1121 3518 cornu

228 3617 266 3694 (l)
286 3619 466 3676 Deliutata'ous
477 3621 510 3686 of
520 3619 605 3676 tbcou
619 3618 697 3688 tube,
713 3614 748 3689 by
757 3616 873 3689 Georges
887 3613 986 3687 vescy.
999 3615 1119 3685 bordon,

192 3712 374 3872 48ῗ24).ι11ΐτο<1
388 3797 493 3873 llaury.
514 3798 550 3856 Lo
560 3800 638 3856 Touo
652 3802 677 3854 ct
691 3797 829 3855 t'llommc.
846 3795 893 3853 cle
911 3793 940 3852 V.-
