2648 4560
243 423 450 511 Garamantes,
465 441 499 496 ut
519 436 628 499 Gaetuli
646 437 684 499 ad
700 439 901 519 occidentem,
920 442 965 505 sic
977 443 1015 505 ad
1029 432 1130 508 orlen‘a

201 548 274 616 tem,
290 550 320 604 et
334 542 446 616 forsan,
470 562 568 624 quum
592 544 695 624 plures
707 546 764 609 hac
784 547 815 611 in
832 558 915 630 parta
942 551 1129 632 reperiantur

201 667 293 723 cases,
317 649 443 712 interius
459 649 639 712 solitudines
653 653 806 716 tenebant.
822 654 961 719 Diximus
972 666 1126 740 utrosque,

200 757 308 818 eodem
323 754 480 836 sanguine,
498 755 603 817 eadem
617 756 743 838 origine,
759 759 820 822 situ
835 768 954 824 tantum
968 780 1055 843 posse
1068 765 1127 828 dis-

200 861 307 943 tingui.
325 862 386 926 Ncc
404 861 495 925 etiam
509 869 626 926 constat
639 862 692 945 qui
706 864 797 928 fuerit
811 866 886 930 inter
901 876 1046 951 utrosque
1063 879 1126 934 tera

200 969 314 1031 minus.
331 968 446 1030 Plinius
459 985 511 1030 eos
528 969 608 1030 locat
621 969 700 1032 ultra
714 969 923 1051 Cyrenaicum,
941 974 1031 1038 itaut
1047 976 1125 1038 finiri

150 1070 153 1075 ’
200 1077 333 1158 quodam
346 1076 438 1138 modo
453 1076 571 1157 possint
584 1077 663 1140 linea
679 1079 717 1141 ab
732 1059 910 1161 Cartbagine
922 1080 954 1142 in
968 1083 1127 1145 meridiem

200 1182 356 1265 producta.
374 1182 432 1246 Sed
446 1182 505 1246 hoo
520 1183 671 1248 incertum
687 1192 742 1262 est,
762 1194 792 1250 et
808 1195 843 1250 ut
856 1205 913 1269 pro
926 1189 1125 1270 temporibus,

198 1291 239 1353 lta
251 1309 373 1372 quoque
386 1308 442 1372 pro
456 1289 654 1373 scriptoribus
666 1293 794 1357 varium.
825 1287 833 1307 ‘

234 1398 319 1474 Into,
341 1400 425 1480 apud
440 1399 601 1481 scriptores
620 1401 773 1465 Romanos
790 1420 870 1486 stupe
887 1422 949 1468 non
966 1423 983 1466 a
1003 1402 1127 1468 Gaetulis

197 1505 437 1587 distinguuntur,
453 1515 489 1569 ut
504 1526 541 1568 ex
554 1509 613 1569 boc
630 1496 710 1570 Fieri
724 1509 792 1573 loco
808 1510 968 1574 videmus:
998 1533 1013 1569 a
1025 1507 1128 1575 nusua

198 1615 296 1678 lanios
316 1634 352 1677 ac
367 1615 500 1679 Gaetulos
516 1616 637 1678 adcolas
659 1615 812 1696 Syrtium,
829 1619 920 1682 Cosso
934 1621 1021 1693 duce,
1044 1637 1128 1680 corna

197 1722 325 1802 pascuit.
350 1744 365 1782 a
379 1720 435 1785 llic
448 1721 531 1784 enim
544 1720 651 1784 Florus
665 1722 798 1786 Gaetulos
819 1743 876 1804 pro
895 1722 1128 1788 Garamantibus

196 1829 326 1911 scripsit.
360 1916 362 1920 ι
447 1867 450 1874 -

235 1939 301 2003 Hoc
312 1948 415 2002 tamen
430 1937 487 2001 fuit
499 1938 583 2019 apud
598 1945 712 2000 veteres
726 1937 859 2003 Gaetulos
880 1937 959 2000 inter
977 1957 1012 2000 ac
1034 1939 1125 2003 Gara·

196 2053 314 2109 mantas
329 2044 508 2120 discrimen,
533 2044 616 2127 quod
637 2043 758 2125 utrique
783 2063 801 2106 a
822 2043 966 2106 Romanis
986 2045 1124 2124 lacessiti,

196 2152 360 2235 imparium
388 2152 498 2218 Gaetuli
529 2152 713 2232 effugerint,
748 2153 945 2216 Garamantes
976 2152 1123 2228 tulerint3

195 2261 461 2342 triumphaverunt
479 2261 570 2324 duces
583 2260 712 2325 Romani
737 2262 774 2324 da
790 2261 1034 2336 Garamantibus,
1047 2280 1127 2323 nun-

195 2385 286 2447 quam
299 2369 337 2430 de
356 2367 490 2442 Gaetulis,
506 2367 561 2430 etsi
580 2369 689 2433 Cossus
707 2369 871 2462 Gatulicps
890 2368 980 2430 fuerit
992 2369 1127 2448 appellu-

195 2483 254 2540 tus.
284 2476 378 2558 Cujus
398 2476 441 2538 rei
462 2495 567 2540 causas
586 2476 610 2540 si
636 2477 837 2558 requirimus,
857 2476 1126 2538 animadvertimus

195 2585 392 2648 Garamantas
415 2584 588 2665 Carthagini
606 2585 775 2668 propiores,
796 2584 893 2645 forsan
916 2582 1065 2654 mollitos,
1095 2591 1125 2644 et

194 2694 232 2755 ad
246 2692 393 2755 ditionem
407 2698 528 2771 paratos
545 2690 659 2768 luisse,
678 2690 750 2752 binc
761 2690 871 2770 iugum
889 2690 1061 2752 Romanum
1079 2696 1125 2749 to-

195 2798 350 2874 leravisse3
378 2799 487 2863 Gaatuli
506 2806 620 2872 autem,
640 2797 813 2873 ferociores,
840 2797 984 2859 omnibus
1002 2795 1122 2872 infensi,

194 2905 348 2968 Romanoa
370 2922 427 2967 nec
446 2911 609 2978 munnere,
632 2923 689 2967 nec
710 2904 824 2985 experti
846 2911 927 2966 sunt.
943 2903 1000 2966 llle
1023 2911 1123 2965 autern

194 3013 283 3074 nobis
299 3031 336 3073 err
356 3011 489 3074 romanis
511 3010 755 3092 expeditionibus
787 3010 903 3073 fructus
932 3020 1124 3091 comparatus

194 3126 249 3194 est,
261 3118 375 3183 scilicet
388 3119 472 3200 quod
483 3127 597 3198 gentes,
611 3119 832 3182 Garamantum
850 3116 982 3178 haeredes
996 3122 1026 3175 et
1043 3113 1120 3187 titia,

194 3228 263 3301 licet
294 3226 434 3288 innatum
459 3225 532 3287 huic
560 3224 663 3305 generi
688 3218 817 3298 uitium,
841 3220 1038 3304 rapacitatem
1060 3238 1122 3281 non
1221 3260 1225 3267 2

193 3332 369 3412 abjecerint,
387 3330 486 3392 multo
505 3330 662 3412 acceptius
679 3329 864 3410 alienigenas
889 3346 944 3410 per
966 3346 1035 3389 suus
1060 3334 1115 3386 ter-

183 3460 241 3503 ras
262 3438 318 3503 iter
339 3439 437 3501 lacera
451 3438 622 3519 patiuntur,
635 3456 730 3518 quam
752 3435 947 3500 occidentalis
971 3432 1063 3515 partis
1077 3432 1123 3492 in-

193 3550 281 3625 colat3
301 3549 386 3612 itaut
400 3565 453 3628 per
464 3548 585 3628 Tripoli
598 3565 694 3628 quam
707 3565 760 3627 per
777 3548 838 3608 Fer
852 3545 901 3606 sia
914 3539 1070 3620 Europaeis
1089 3539 1120 3600 in

194 3659 370 3721 interiorem
386 3656 513 3737 Libyam
527 3655 738 3735 multomagis
753 3662 817 3717 tuta
832 3660 941 3734 pateat.

232 3766 329 3830 Hodie
340 3765 536 3829 Garamantas
548 3771 734 3844 exceperunt
744 3759 865 3824 Barbari
882 3757 1020 3819 Tittoua
