2648 4560
581 255 742 325 ..mm

199 396 253 470 est,
269 394 392 470 scilicet,
410 395 540 459 Orientis
554 401 656 476 gentes
675 413 770 476 usque
796 394 828 455 iu
856 396 933 456 hanc
956 403 1121 456 extremam

197 504 309 565 terram
322 503 458 583 delapsas
471 522 544 565 esse.

236 608 304 674 Non
316 609 383 673 ideo
392 609 512 675 Mauros
530 611 665 685 colonos
684 610 828 673 barbaros
841 612 1059 674 autochthones
1071 629 1122 672 ar1

198 719 361 794 bitramur;
379 719 442 781 imo
454 717 594 801 quaedam
605 725 650 781 est
660 737 783 782 morum
791 717 970 796 similitude,
980 717 1022 780 ita
1036 725 1070 780 ut
1081 717 1123 781 ia-

197 825 256 887 cile
267 826 388 888 credam
400 825 546 889 Rerberos
555 826 821 914 septentrionalem
827 825 959 888 Africam
968 825 1119 903 invasisse,

197 933 376 1016 priusquam
390 934 538 997 irruerent
550 933 658 1012 Mauri,
673 935 841 997 multorum
851 933 950 997 forsan
970 953 1121 997 armorum

197 1040 367 1118 intervallo,
381 1042 434 1105 sed
447 1061 483 1104 ex
503 1040 609 1104 iisdem
627 1042 802 1123 regionibus
820 1042 955 1119 venisse,
979 1043 1121 1105 eumdem

197 1147 375 1230 sanguinem
387 1145 590 1233 eumdemque
606 1151 746 1213 habitum
765 1158 909 1232 gerentes.
926 1149 1022 1215 Mauri
1033 1149 1120 1212 deni-

196 1276 255 1338 que
269 1265 299 1319 et
316 1257 448 1336 Berberi,
472 1257 526 1320 etsi
547 1277 610 1320 non
625 1258 733 1320 eodem
753 1265 842 1338 partu
859 1256 962 1338 geniti,
987 1258 1120 1338 ejusdem

195 1363 312 1440 matris,
328 1364 403 1426 Asiae
413 1363 537 1440 scilicet,
553 1365 662 1446 proles.

235 1470 334 1534 Tertia
347 1479 449 1534 autem
471 1471 586 1535 invasio
609 1472 667 1535 suit
684 1473 861 1536 Phoenicum
882 1481 912 1535 et
934 1474 1119 1539 Graecorum.

194 1579 368 1658 Phoenices,
385 1580 564 1660 Carthagine
583 1580 716 1657 condita,
731 1581 783 1643 diu
809 1582 992 1658 llor²ueruut;
1025 1583 1121 1646 Graeci
1209 1584 1216 1599 '

195 1686 304 1750 liberas
312 1689 413 1765 urbes,
421 1687 475 1751 etsi
483 1707 545 1750 non
556 1688 788 1769 potentissimas,
798 1707 852 1768 per
861 1690 987 1771 longum
1001 1698 1122 1770 tempus

195 1813 358 1858 servavere.
374 1794 433 1858 Sed
446 1795 548 1870 ambo,
565 1795 694 1858 Asiatica
714 1795 883 1876 progenies,
899 1815 972 1858 mox
984 1797 1122 1859 Berheris

195 1910 226 1965 et
239 1902 349 1973 Mauris
363 1904 427 1982 jam
440 1903 558 1966 dudum
572 1904 672 1967 solum
685 1905 870 1983 tenentibus,
894 1904 1030 1968 Berheris
1044 1924 1120 1986 prae-

195 2011 299 2073 sertim
319 2030 382 2074 sese
401 2011 644 2088 immiscuerunt,
664 2019 694 2073 et
703 2011 864 2074 connubiis
875 2012 998 2093 propria
1011 2011 1121 2093 cuique

195 2118 331 2201 corporis
350 2118 435 2198 signa
458 2119 621 2182 diluerunt.
642 2119 687 2183 Ex
712 2121 769 2182 hac
792 2128 895 2182 autem
918 2119 1119 2201 permixtione

195 2244 269 2305 gens
288 2233 358 2288 nata
371 2234 431 2302 est,
450 2246 517 2307 quae
537 2228 631 2289 claras
651 2227 684 2288 in
705 2228 770 2290 solo
792 2227 900 2290 hrricae
927 2236 1028 2308 partes
1050 2227 1121 2308 egit,

195 2331 341 2394 Numidas
351 2331 644 2396 dicoNumidarum
655 2333 849 2414 autemorigo
858 2334 939 2416 apud
949 2335 1128 2398 Sallustium

195 2439 321 2502 feliciter
341 2440 450 2520 aperiri
473 2441 548 2503 mihi
575 2442 704 2518 videtur,
720 2462 817 2523 quum
843 2441 886 2504 sic
907 2444 1030 2505 scribit:
1058 2467 1072 2499 ι(
1085 2443 1123 2507 Hi

197 2544 364 2626 (Phoenices
377 2546 522 2629 Graecive)
533 2546 679 2627 paulatim
687 2566 740 2628 per
752 2546 905 2609 connubia
920 2546 1054 2610 Gaetulos
1068 2545 1124 2608 sibi

194 2652 352 2728 miscuere,
369 2661 399 2715 et
412 2652 483 2735 quia
497 2672 575 2735 saepe
592 2660 742 2716 tentantes
754 2672 854 2735 agros,
870 2651 929 2716 alia
943 2652 1053 2716 deinde
1067 2653 1125 2716 alia

195 2761 262 2823 loca
274 2761 451 2843 petiverant,
467 2762 619 2843 semetipsi
635 2761 781 2826 Numidas
795 2761 995 2841 appellavere.
1015 2784 1030 2819 »

234 2868 325 2948 Quod
338 2877 440 2931 autem
448 2868 538 2932 refert
547 2869 706 2933 Sallustius
713 2870 750 2932 de
759 2869 908 2944 Numidis,
926 2869 986 2932 dici
1002 2889 1124 2951 quoque

194 2985 292 3056 potest
306 2978 343 3040 de
352 2978 496 3040 omnibus
516 2977 758 3059 septentrionalis
772 2996 831 3040 orae
846 2977 996 3059 gentibus
1011 2998 1078 3060 quae
1088 2998 1124 3040 ex

194 3085 348 3147 connubio
361 3084 466 3166 prims
476 3085 579 3170 stirpis
594 3085 625 3148 id
639 3094 684 3148 est
692 3085 839 3161 Barbarae,
856 3094 886 3148 ct
898 3084 1066 3148 invadentis
1076 3104 1125 3147 so-·

193 3191 281 3267 bolis,
310 3211 363 3256 seu
394 3192 514 3270 Graecae,
548 3213 601 3257 seu
629 3193 762 3270 Punicae,
785 3213 838 3256 seu
862 3192 1043 3270 vandalica,
1070 3213 1123 3256 seu

194 3299 337 3375 Arabicae,
355 3300 521 3363 certissime
534 3310 698 3364 ortaesunt.

232 3407 270 3470 Hi
284 3414 386 3470 autem
399 3424 522 3484 omnes,
535 3407 568 3469 in
582 3426 679 3472 unum
693 3407 806 3482 coacti,
826 3426 900 3470 uaso
920 3408 1057 3484 adunco,
1074 3429 1123 3472 ca·¹

194 3513 276 3594 pillis
289 3515 484 3593 cedentibus,
499 3517 615 3578 excelsa
629 3524 752 3592 statura,
769 3517 846 3578 flavo
863 3517 1021 3581 autetiam
1038 3517 1123 3580 fusco

193 3622 329 3703 corporis
338 3622 454 3698 habitu,
468 3624 643 3704 opponendi
658 3634 729 3687 sunt
742 3623 935 3707 AEthiopibus
944 3624 1015 3710 qui,
1030 3626 1124 3689 altera

193 3731 294 3811 stirps,
309 3732 443 3795 mediam
456 3731 583 3812 Libyam
596 3742 710 3797 teuent.
