2648 4560
576 297 735 358 -m-

195 428 321 508 prosilit.
339 426 413 490 lnde
426 425 558 491 Africam
571 426 609 488 ab
628 423 782 505 AEthiopia
800 425 974 506 dispesceus
987 426 1080 489 etiam
1093 426 1117 488 si

194 553 257 599 non
271 532 409 617 pmtinus
426 532 558 614 populis,
580 531 651 594 feris
670 539 772 594 tamen
795 539 825 594 et
850 531 961 596 belluis
977 531 1119 616 frequens

194 642 405 722 sylvarumque
423 638 534 721 opifex,
555 638 671 702 medios
687 637 842 720 AEthiopas
854 646 935 702 secat
956 639 1119 719 cognomi-

193 755 282 811 natus
304 747 500 812 Astaboras...
515 744 715 826 asmuentia
733 753 836 809 autem
854 744 929 809 adeo
942 745 1119 811 'Nilum-de-

193 861 274 932 cent,
289 861 324 916 ut
337 854 422 916 nulla
435 851 637 933 explicatione
649 870 728 934 opus
740 852 793 914 sit.

234 960 341 1042 Nigrin
353 978 475 1024 amnem
488 968 613 1036 veteres,
636 960 763 1024 Romani
778 957 893 1024 scilicet
903 970 934 1024 et
946 962 1055 1039 Graeci,
1068 981 1119 1027 co·

193 1085 333 1147 gnovere.
348 1068 429 1132 Licet
440 1068 566 1132 noman
575 1085 613 1130 nu
626 1084 661 1130 m
672 1069 776 1131 Maura
786 1067 919 1149 AEsclryli
932 1068 1121 1134 carminibus

194 1176 241 1237 vel
255 1146 347 1238 etiam
359 1173 483 1239 Homeri
499 1174 626 1236 latentes
638 1173 737 1254 Nigris
748 1191 842 1256 aquas
853 1173 990 1250 excudat,
1004 1174 1121 1256 primus

194 1283 364 1347 Herodotus
385 1283 476 1361 hujus
495 1281 630 1344 fluminis
652 1280 800 1345 indicium
821 1282 971 1364 accepisse
988 1283 1117 1383 videtur.

194 1390 296 1454 Plures
318 1408 390 1453 vero
411 1388 471 1452 loci
499 1388 580 1470 apud
597 1388 731 1451 Plinium
754 1390 813 1451 hoc
838 1388 910 1452 satis
932 1390 1013 1452 clare
1039 1390 1121 1454 desi-

194 1505 288 1578 gnant
303 1499 360 1577 (l).
384 1496 448 1560 Hoc
473 1496 579 1558 decent
593 1514 700 1559 voces:
717 1517 731 1554 a
748 1495 828 1559 Fons
841 1497 952 1578 Nigris,
965 1521 979 1557 a
996 1506 1026 1560 et
1040 1520 1055 1557 a
1072 1497 1121 1561 iis-

194 1607 264 1668 dem
277 1603 456 1667 animalium
468 1602 665 1684 argumentis.
678 1627 693 1663 n
704 1602 879 1668 Hancenim
889 1604 1121 1670 similitudinem

194 1731 286 1795 quam
295 1713 373 1778 tuba
386 1711 533 1775 crocodili
546 1713 627 1793 pelle
639 1711 741 1774 testari
758 1713 934 1788 conabatur,
951 1730 1044 1795 quam
1057 1714 1121 1778 Pli-

194 1820 264 1883 nius
273 1820 378 1883 sedulo
391 1818 619 1894 animadvertit,
645 1818 780 1882 sentiunt
795 1827 826 1887 et
844 1820 995 1883 mirantur
1015 1840 1122 1886 omnes

194 1926 247 2008 qui
265 1933 429 2007 utrumque
442 1943 564 1988 amnem
586 1924 692 2005 Nigrin
705 1933 736 1988 et
754 1925 859 1990 Nilum
876 1926 1119 2009 exploraverunt.
1164 2007 1168 2013 .

148 2033 153 2044 “
234 2034 303 2099 Haec
316 2041 418 2096 autem
431 2032 628 2114 geographia,
645 2039 681 2095 ut
696 2032 811 2096 Plinius
818 2033 930 2114 prodit,
944 2051 1008 2097 non
1021 2035 1121 2117 bellis,

194 2160 258 2205 non
270 2141 364 2205 armis
376 2140 521 2203 Romanis
540 2138 676 2220 proiecit.
697 2139 797 2204 Minus
812 2136 904 2220 igitur
915 2141 994 2203 hanc
1007 2141 1123 2207 Plinius

102 2322 105 2328 ,
195 2256 290 2313 curat.
307 2247 475 2328 Quumque
484 2247 566 2328 apud
575 2248 697 2321 Jubam,
709 2247 872 2311 fluviorum
881 2248 976 2311 trium
988 2248 1123 2334 descrip-

194 2356 308 2418 tionem
323 2354 439 2434 legerit,
455 2353 567 2435 quibus
586 2351 667 2416 idem
685 2361 715 2416 et
735 2354 888 2417 diversum
901 2372 1014 2418 nomen
1029 2356 1122 2421 Nilus

194 2463 325 2547 AEgypti,
347 2462 440 2529 Nilus
463 2461 636 2541 Nigrorum,
652 2462 744 2527 Nilus
767 2462 838 2537 Ger,
856 2469 909 2524 aut
932 2461 1121 2544 (mquidem

75 2615 80 2626 ,
194 2590 266 2634 mss.
281 2569 393 2651 ierunt]
412 2569 520 2649 Niger,
535 2567 699 2630 arbitratur
711 2567 855 2630 eumdem
871 2585 936 2630 esse
958 2576 989 2631 et
1009 2586 1120 2646 unuin,

193 2679 282 2742 variis
291 2675 467 2741 nominibus
476 2675 697 2755 exregionibus
712 2693 787 2757 quas
798 2674 977 2738 transcurrit
988 2677 1124 2757 appella·

194 2795 271 2862 tum,
299 2787 360 2850 Ger
380 2784 462 2866 apud
483 2782 690 2859 Garamantas,
705 2783 822 2862 Nigrin
844 2784 926 2865 apud
945 2784 1119 2866 AEthiopas,

194 2895 372 2975 AEpyptium
385 2893 467 2973 apud
481 2890 647 2971 AEgyptios.
664 2888 829 2972 Quumque
852 2910 908 2954 suo
931 2910 1016 2955 more
1036 2893 1074 2955 ad
1091 2911 1123 2956 se

193 2998 310 3079 redigat
327 2997 417 3060 simul
431 3016 467 3060 ac
480 2995 642 3059 concinnet
659 3003 837 3060 ceterorum
851 3015 954 3079 opera,
969 2998 1002 3059 in
1024 3017 1122 3062 unum

195 3106 251 3168 tria
265 3104 392 3169 flumina
406 3102 576 3167 confundit.

235 3213 296 3278 Nec
317 3231 380 3276 non
403 3212 496 3276 altera
516 3231 606 3276 causa
626 3219 670 3275 est
692 3230 746 3276 cur
766 3210 883 3275 Plinius
900 3212 1000 3294 Nigris
1019 3223 1050 3277 et
1063 3213 1123 3280 Nili

198 3338 322 3383 cursum
335 3320 453 3401 jungat,
469 3317 596 3398 scilicet,
615 3320 698 3401 quod
716 3319 747 3382 hi
761 3336 865 3382 amnes
882 3320 980 3383 undas
997 3319 1125 3385 miscere

242 3440 250 3454 Ι

232 3481 270 3555 (l)
289 3479 401 3535 Flumen
409 3479 504 3552 Nigrin
510 3479 555 3553 qui
561 3478 679 3535 Africam
689 3479 722 3536 ah
731 3479 979 3553 AEthiopiadirimit.
989 3480 1086 3551 Lib.V,
1097 3483 1122 3538 l.

232 3567 309 3641 Nign'
319 3567 398 3623 fluvio
413 3567 505 3624 eadem
519 3565 776 3640 naturaquaeNi103
799 3567 932 3625 calamum
946 3574 973 3624 et
985 3586 1122 3642 papyrum,

198 3664 225 3714 et
237 3658 343 3714 eosdem
357 3657 443 3730 gignit
463 3658 625 3727 animantes,
640 3657 789 3730 iisdemque
810 3658 974 3731 temporibus
987 3660 1119 3732 augescit.

199 3744 290 3802 Oritur
307 3746 506 3803 iuterTaraleoa
524 3747 661 3820 AEthiopas
674 3751 701 3804 et
714 3746 861 3804 OEcalicas.
883 3747 978 3817 l.ih.V,
998 3751 1028 3806 8.
