2648 4560
568 265 727 328 ...25-

568 555 690 620 CAPUT
709 555 745 617 V.

364 823 367 826 Ι
484 761 521 806 ΒΕ
541 761 635 806 LIBYAE
649 760 831 807 nationibus

230 955 458 1038 HodieLibyam
470 953 1116 1036 tenentdrabes,Berbcri‚AEtbiopes‚Cairi,

194 1062 372 1128 Hottentoti.

234 1169 1117 1255 Arabes,nasoadunco,capilliscedentibus,tlaventipelle,

193 1301 278 1346 oram
291 1279 558 1363 septentrionalem
571 1298 767 1364 occupavere.

231 1388 361 1464 barbari,
378 1389 485 1452 eadem
499 1397 591 1472 atque
605 1389 718 1452 Arabes
731 1385 847 1450 familia
864 1385 934 1463 orti,
958 1387 1063 1450 eadem
1077 1386 1120 1449 la-

194 1498 250 1572 cie,
262 1496 320 1560 nisi
335 1496 428 1578 quod,
449 1503 484 1560 ut
497 1495 707 1578 aquinoxialis
727 1494 833 1559 circuli
847 1495 1015 1578 propiores,
1036 1493 1121 1559 lusco

195 1605 296 1668 colore
309 1605 519 1667 obscurantur.

234 1710 400 1792 AEthiopes,
422 1709 583 1792 proprium
600 1709 702 1791 Libya
721 1727 827 1789 genus,
848 1707 955 1791 crispis
974 1708 1120 1786 crinibus,

196 1817 298 1901 spissis
312 1817 411 1894 labiis,
427 1816 515 1896 nigro
529 1815 643 1892 colore,
658 1834 676 1877 a
689 1814 816 1879 flumine
829 1815 954 1897 Scncga,
979 1835 1122 1879 occasum
1160 1874 1163 1889 ,

196 1908 308 1999 versus,
322 1923 451 1989 aNubiae
460 1923 583 1999 tinibus,
599 1922 749 1986 orientem
759 1942 873 2001 versus,
882 1926 1028 2005 usquead
1041 1923 1123 2005 vige-

196 2031 308 2094 simum
323 2029 384 2093 fere
397 2030 537 2108 gradum,
552 2030 633 2093 ultra
647 2029 879 2112 aquinoxialem
892 2029 1057 2106 circulum;
1073 2031 1124 2094 di-

196 2137 272 2200 versi
282 2136 419 2207 moribus
432 2136 553 2219 populi,
569 2136 649 2200 inter
662 2156 694 2200 se
707 2138 864 2213 bellantes,
889 2137 940 2202 alii
959 2158 1030 2220 erga
1048 2138 1124 2202 alie-

197 2244 321 2325 nigenas
333 2243 545 2321 crudelissimi,
561 2244 611 2307 alii
624 2244 757 2327 bospitio
771 2254 901 2310 utentes.
1164 2308 1169 2320 ,

235 2352 405 2416 Australem
418 2359 520 2415 autem
541 2352 668 2432 Libyam
691 2352 829 2416 habitant
848 2354 938 2430 Caini,
958 2351 1125 2436 Nigritibus

198 2460 336 2539 nrajcres
353 2459 490 2541 longiore
501 2478 586 2535 naso,
597 2458 682 2523 lusco
693 2460 803 2536 colore,
826 2461 983 2541 sedmagis
995 2461 1081 2526 sumo
1095 2470 1125 2526 et

198 2569 349 2651 squalore,
365 2586 459 2649 quam
472 2573 591 2630 natura.

244 2673 423 2750 Hottentcti,
438 2672 533 2737 Cairis
545 2672 660 2748 aflines,
681 2673 758 2737 llavo
777 2674 913 2755 corporis
935 2672 1051 2749 habitu,
1074 2675 1127 2736 de-

199 2798 302 2861 presso
316 2779 482 2844 admodum
503 2798 588 2858 naso,
608 2781 728 2861 stupida
756 2779 870 2859 indole,
889 2780 987 2843 infimi
1009 2788 1127 2846 morta-

199 2887 287 2961 lium,
303 2895 480 2949 ceterorum
491 2893 543 2949 aut
552 2887 656 2967 praeda
669 2894 722 2949 aut
735 2886 907 2950 servitium.

238 2993 548 3077 Appulitquoquebis
556 2993 708 3057 littoribus
715 2994 979 3076 genslluropensis
986 2996 1125 3061 omnium

200 3109 348 3166 terrarum
375 3099 560 3162 dominatrix
579 3119 586 3161 :
605 3099 758 3163 Numidia
778 3101 867 3178 Galli,
893 3101 1001 3166 insulis
1022 3105 1124 3185 Angli,

199 3207 352 3271 littoribus
361 3205 507 3284 Lusitani,
523 3214 658 3269 extremo
671 3207 711 3268 ad
729 3207 889 3270 meridiem
902 3228 998 3274 cornu
1011 3210 1124 3276 batavi.

239 3314 355 3378 Plinius
367 3323 492 3378 centum
509 3333 545 3376 ac
560 3313 667 3395 viginti
690 3313 809 3377 circiter
827 3316 958 3397 populos
979 3317 1011 3379 in
1034 3318 1127 3401 Libya

204 3429 349 3484 recenset.
374 3421 466 3498 Quod
491 3420 516 3482 si
541 3419 682 3502 quisque,
697 3420 842 3484 coeteris
863 3421 1034 3500 distinctus,
1057 3443 1127 3506 pro-

202 3528 300 3610 priam
314 3529 463 3611 originem
470 3527 776 3604 habuerit‚immcnsa
781 3529 907 3611 quidem
913 3531 1052 3595 confusio
1061 3552 1068 3607 ;
1076 3535 1128 3597 sed

202 3655 236 3698 ea
256 3635 362 3715 ingens
390 3637 576 3718 populorum
599 3636 775 3712 multitudo,
792 3635 824 3699 in
838 3644 970 3718 quatuor
977 3641 1023 3702 vel
1038 3640 1128 3723 quin-

205 3762 264 3824 que
277 3742 669 3825 familias‘potestcrdinari:
681 3742 771 3806 multi
781 3742 865 3806 enim
878 3743 1130 3826 vanasuntejus·
