<?xml version="1.0" encoding="UTF-8"?>
<!DOCTYPE html PUBLIC "-//W3C//DTD XHTML 1.0 Transitional//EN"
    "http://www.w3.org/TR/xhtml1/DTD/xhtml1-transitional.dtd">
<html xmlns="http://www.w3.org/1999/xhtml" xml:lang="en" lang="en">
 <head>
  <title>
</title>
<meta http-equiv="Content-Type" content="text/html;charset=utf-8" />
  <meta name='ocr-system' content='tesseract 3.04.00' />
  <meta name='ocr-capabilities' content='ocr_page ocr_carea ocr_par ocr_line ocrx_word'/>
</head>
<body>
  <div class='ocr_page' id='page_1' title='image "./quidlibycaegeog00michgoog_0063.png"; bbox 0 0 2648 4560; ppageno 0'>
   <div class='ocr_carea' id='block_1_1' title="bbox 604 319 762 380">
    <p class='ocr_par' dir='ltr' id='par_1_1' title="bbox 604 319 762 380">
     <span class='ocr_line' id='line_1_1' title="bbox 604 319 762 380; baseline 0 -15"><span class='ocrx_word' id='word_1_1' title='bbox 604 319 762 380; x_wconf 72' lang='lat'><strong>-53-</strong></span> 
     </span>
    </p>
   </div>
   <div class='ocr_carea' id='block_1_2' title="bbox 101 448 1214 532">
    <p class='ocr_par' dir='ltr' id='par_1_2' title="bbox 101 448 1214 532">
     <span class='ocr_line' id='line_1_2' title="bbox 101 448 1214 532; baseline -0.007 -18"><span class='ocrx_word' id='word_1_2' title='bbox 101 498 111 514; x_wconf 74' lang='lat'><em>.</em></span> <span class='ocrx_word' id='word_1_3' title='bbox 193 512 198 525; x_wconf 72' lang='grc'>,</span> <span class='ocrx_word' id='word_1_4' title='bbox 221 452 304 532; x_wconf 84' lang='lat' dir='ltr'><strong>quod</strong></span> <span class='ocrx_word' id='word_1_5' title='bbox 321 452 385 530; x_wconf 86' lang='lat' dir='ltr'><strong>jam</strong></span> <span class='ocrx_word' id='word_1_6' title='bbox 406 469 442 514; x_wconf 84' lang='lat' dir='ltr'><strong>ox</strong></span> <span class='ocrx_word' id='word_1_7' title='bbox 462 448 549 512; x_wconf 83' lang='lat' dir='ltr'>Plinii</span> <span class='ocrx_word' id='word_1_8' title='bbox 566 467 640 528; x_wconf 82' lang='lat' dir='ltr'><strong>vago</strong></span> <span class='ocrx_word' id='word_1_9' title='bbox 655 467 794 511; x_wconf 80' lang='lat' dir='ltr'><strong>sernlone</strong></span> <span class='ocrx_word' id='word_1_10' title='bbox 806 449 951 530; x_wconf 85' lang='lat' dir='ltr'><strong>suspicari</strong></span> <span class='ocrx_word' id='word_1_11' title='bbox 967 450 1084 524; x_wconf 86' lang='lat' dir='ltr'><strong>licebat,</strong></span> <span class='ocrx_word' id='word_1_12' title='bbox 1099 450 1150 514; x_wconf 79' lang='lat' dir='ltr'><strong>al·</strong></span> <span class='ocrx_word' id='word_1_13' title='bbox 1209 498 1214 506; x_wconf 92' lang='lat'><em>.</em></span> 
     </span>
    </p>
   </div>
   <div class='ocr_carea' id='block_1_3' title="bbox 159 557 1152 3422">
    <p class='ocr_par' dir='ltr' id='par_1_3' title="bbox 221 557 1150 727">
     <span class='ocr_line' id='line_1_3' title="bbox 221 557 1150 639; baseline -0.001 -20"><span class='ocrx_word' id='word_1_14' title='bbox 221 557 321 620; x_wconf 83' lang='lat' dir='ltr'><strong>firmat</strong></span> <span class='ocrx_word' id='word_1_15' title='bbox 335 557 531 638; x_wconf 72' lang='lat' dir='ltr'><strong>Troglodytas</strong></span> <span class='ocrx_word' id='word_1_16' title='bbox 562 575 598 619; x_wconf 84' lang='lat' dir='ltr'><strong>ex</strong></span> <span class='ocrx_word' id='word_1_17' title='bbox 619 557 754 619; x_wconf 74' lang='lat' dir='ltr'><strong>Arabum</strong></span> <span class='ocrx_word' id='word_1_18' title='bbox 778 575 848 619; x_wconf 92' lang='lat' dir='ltr'><strong>cum</strong></span> <span class='ocrx_word' id='word_1_19' title='bbox 862 557 1055 639; x_wconf 88' lang='lat' dir='ltr'><strong>AEthiopibus</strong></span> <span class='ocrx_word' id='word_1_20' title='bbox 1076 576 1150 619; x_wconf 83' lang='lat' dir='ltr'><strong>con·</strong></span> 
     </span>
     <span class='ocr_line' id='line_1_4' title="bbox 223 665 1127 727; baseline 0.003 -1"><span class='ocrx_word' id='word_1_21' title='bbox 223 665 317 726; x_wconf 90' lang='lat' dir='ltr'><strong>nubio</strong></span> <span class='ocrx_word' id='word_1_22' title='bbox 332 685 395 726; x_wconf 86' lang='lat' dir='ltr'><strong>esse</strong></span> <span class='ocrx_word' id='word_1_23' title='bbox 408 672 500 727; x_wconf 88' lang='lat' dir='ltr'><strong>ortos.</strong></span> <span class='ocrx_word' id='word_1_24' title='bbox 1121 673 1127 686; x_wconf 89' lang='lat'>&#39;</span> 
     </span>
    </p>

    <p class='ocr_par' dir='ltr' id='par_1_4' title="bbox 159 770 1150 2136">
     <span class='ocr_line' id='line_1_5' title="bbox 262 770 1149 853; baseline 0 -19"><span class='ocrx_word' id='word_1_25' title='bbox 262 771 349 834; x_wconf 88' lang='lat' dir='ltr'><strong>Nunc</strong></span> <span class='ocrx_word' id='word_1_26' title='bbox 369 771 566 852; x_wconf 81' lang='lat' dir='ltr'><strong>quarendum</strong></span> <span class='ocrx_word' id='word_1_27' title='bbox 580 779 634 845; x_wconf 91' lang='lat' dir='ltr'><strong>est,</strong></span> <span class='ocrx_word' id='word_1_28' title='bbox 647 771 698 853; x_wconf 92' lang='lat' dir='ltr'><strong>qui</strong></span> <span class='ocrx_word' id='word_1_29' title='bbox 725 771 831 852; x_wconf 87' lang='lat' dir='ltr'><strong>populi</strong></span> <span class='ocrx_word' id='word_1_30' title='bbox 846 770 935 833; x_wconf 88' lang='lat' dir='ltr'><strong>hodie</strong></span> <span class='ocrx_word' id='word_1_31' title='bbox 951 771 1149 853; x_wconf 84' lang='lat' dir='ltr'><strong>Troglodytas</strong></span> 
     </span>
     <span class='ocr_line' id='line_1_6' title="bbox 223 877 1148 958; baseline 0 -17"><span class='ocrx_word' id='word_1_32' title='bbox 223 886 320 957; x_wconf 86' lang='lat' dir='ltr'><strong>patres</strong></span> <span class='ocrx_word' id='word_1_33' title='bbox 339 877 508 941; x_wconf 77' lang='lat' dir='ltr'><strong>testentur?</strong></span> <span class='ocrx_word' id='word_1_34' title='bbox 523 878 653 943; x_wconf 82' lang='lat' dir='ltr'><strong>Vinoaur</strong></span> <span class='ocrx_word' id='word_1_35' title='bbox 668 877 866 958; x_wconf 72' lang='lat' dir='ltr'><strong>Troglodytas</strong></span> <span class='ocrx_word' id='word_1_36' title='bbox 878 896 950 939; x_wconf 88' lang='lat' dir='ltr'><strong>cum</strong></span> <span class='ocrx_word' id='word_1_37' title='bbox 963 884 1052 957; x_wconf 81' lang='lat' dir='ltr'><strong>gente</strong></span> <span class='ocrx_word' id='word_1_38' title='bbox 1061 881 1148 941; x_wconf 79' lang='lat' dir='ltr'><strong>‚Bar-</strong></span> 
     </span>
     <span class='ocr_line' id='line_1_7' title="bbox 159 984 1150 1064; baseline 0.001 -16"><span class='ocrx_word' id='word_1_39' title='bbox 159 1045 161 1048; x_wconf 77' lang='grc'>,</span> <span class='ocrx_word' id='word_1_40' title='bbox 221 1005 311 1064; x_wconf 73' lang='lat' dir='ltr'><strong>nanc,</strong></span> <span class='ocrx_word' id='word_1_41' title='bbox 326 984 516 1064; x_wconf 75' lang='lat' dir='ltr'><strong>abyssiniam</strong></span> <span class='ocrx_word' id='word_1_42' title='bbox 543 992 673 1061; x_wconf 88' lang='lat' dir='ltr'><strong>tenente,</strong></span> <span class='ocrx_word' id='word_1_43' title='bbox 687 984 856 1048; x_wconf 79' lang='lat' dir='ltr'><strong>confundit</strong></span> <span class='ocrx_word' id='word_1_44' title='bbox 887 984 1098 1064; x_wconf 85' lang='lat' dir='ltr'><strong>Surru,·cujus</strong></span> <span class='ocrx_word' id='word_1_45' title='bbox 1110 987 1150 1049; x_wconf 91' lang='lat' dir='ltr'><strong>ad</strong></span> 
     </span>
     <span class='ocr_line' id='line_1_8' title="bbox 220 1091 1149 1173; baseline -0.001 -18"><span class='ocrx_word' id='word_1_46' title='bbox 220 1091 542 1173; x_wconf 79' lang='lat' dir='ltr'><strong>auctoritatemsaepius</strong></span> <span class='ocrx_word' id='word_1_47' title='bbox 551 1091 755 1172; x_wconf 82' lang='lat' dir='ltr'><strong>confugimus,</strong></span> <span class='ocrx_word' id='word_1_48' title='bbox 763 1091 999 1155; x_wconf 77' lang='lat' dir='ltr'><strong>eosindbaddet</strong></span> <span class='ocrx_word' id='word_1_49' title='bbox 1007 1091 1149 1171; x_wconf 80' lang='lat' dir='ltr'><strong>gentibus</strong></span> 
     </span>
     <span class='ocr_line' id='line_1_9' title="bbox 222 1197 1147 1278; baseline -0.001 -17"><span class='ocrx_word' id='word_1_50' title='bbox 222 1199 396 1261; x_wconf 78' lang='lat' dir='ltr'>reviviscere</span> <span class='ocrx_word' id='word_1_51' title='bbox 421 1198 578 1261; x_wconf 82' lang='lat' dir='ltr'><strong>contendit</strong></span> <span class='ocrx_word' id='word_1_52' title='bbox 594 1218 602 1261; x_wconf 75' lang='grc' dir='ltr'><em>τ</em></span> <span class='ocrx_word' id='word_1_53' title='bbox 619 1217 675 1278; x_wconf 80' lang='lat' dir='ltr'><strong>ego</strong></span> <span class='ocrx_word' id='word_1_54' title='bbox 690 1217 761 1261; x_wconf 90' lang='lat' dir='ltr'><strong>vero</strong></span> <span class='ocrx_word' id='word_1_55' title='bbox 775 1197 919 1261; x_wconf 88' lang='lat' dir='ltr'><strong>libentius</strong></span> <span class='ocrx_word' id='word_1_56' title='bbox 941 1198 1069 1260; x_wconf 88' lang='lat' dir='ltr'><strong>arbitrer</strong></span> <span class='ocrx_word' id='word_1_57' title='bbox 1083 1217 1147 1276; x_wconf 90' lang='lat' dir='ltr'><strong>eos,</strong></span> 
     </span>
     <span class='ocr_line' id='line_1_10' title="bbox 222 1305 1147 1383; baseline -0.001 -15"><span class='ocrx_word' id='word_1_58' title='bbox 222 1313 337 1369; x_wconf 87' lang='lat' dir='ltr'><strong>mutato</strong></span> <span class='ocrx_word' id='word_1_59' title='bbox 366 1305 501 1383; x_wconf 86' lang='lat' dir='ltr'><strong>nomine,</strong></span> <span class='ocrx_word' id='word_1_60' title='bbox 536 1305 630 1368; x_wconf 85' lang='lat' dir='ltr'><strong>factos</strong></span> <span class='ocrx_word' id='word_1_61' title='bbox 660 1325 723 1368; x_wconf 88' lang='lat' dir='ltr'><strong>esse</strong></span> <span class='ocrx_word' id='word_1_62' title='bbox 745 1306 864 1371; x_wconf 84' lang='lat' dir='ltr'><strong>Gallos.</strong></span> <span class='ocrx_word' id='word_1_63' title='bbox 889 1305 1010 1369; x_wconf 87' lang='lat' dir='ltr'><strong>Etenim</strong></span> <span class='ocrx_word' id='word_1_64' title='bbox 1027 1307 1147 1380; x_wconf 82' lang='lat' dir='ltr'><strong>Gallos,</strong></span> 
     </span>
     <span class='ocr_line' id='line_1_11' title="bbox 222 1411 1150 1492; baseline -0.008 -11"><span class='ocrx_word' id='word_1_65' title='bbox 222 1414 332 1481; x_wconf 70' lang='lat' dir='ltr'><strong>Arabas</strong></span> <span class='ocrx_word' id='word_1_66' title='bbox 354 1413 431 1475; x_wconf 88' lang='lat' dir='ltr'><strong>inter</strong></span> <span class='ocrx_word' id='word_1_67' title='bbox 451 1420 481 1475; x_wconf 85' lang='lat' dir='ltr'><strong>et</strong></span> <span class='ocrx_word' id='word_1_68' title='bbox 494 1413 649 1492; x_wconf 82' lang='lat' dir='ltr'><strong>AEthiopas</strong></span> <span class='ocrx_word' id='word_1_69' title='bbox 666 1412 771 1485; x_wconf 90' lang='lat' dir='ltr'><strong>medii,</strong></span> <span class='ocrx_word' id='word_1_70' title='bbox 791 1412 883 1492; x_wconf 87' lang='lat' dir='ltr'><strong>patris</strong></span> <span class='ocrx_word' id='word_1_71' title='bbox 896 1411 1041 1475; x_wconf 83' lang='lat' dir='ltr'><strong>Isanaaao</strong></span> <span class='ocrx_word' id='word_1_72' title='bbox 1063 1414 1150 1474; x_wconf 88' lang='lat' dir='ltr'><strong>testi-</strong></span> 
     </span>
     <span class='ocr_line' id='line_1_12' title="bbox 222 1519 1149 1601; baseline 0.001 -18"><span class='ocrx_word' id='word_1_73' title='bbox 222 1521 337 1594; x_wconf 89' lang='lat' dir='ltr'><strong>monio,</strong></span> <span class='ocrx_word' id='word_1_74' title='bbox 354 1527 487 1601; x_wconf 85' lang='lat' dir='ltr'><strong>pastores</strong></span> <span class='ocrx_word' id='word_1_75' title='bbox 513 1539 548 1582; x_wconf 89' lang='lat' dir='ltr'><strong>ac</strong></span> <span class='ocrx_word' id='word_1_76' title='bbox 573 1521 728 1594; x_wconf 72' lang='lat' dir='ltr'><strong>nomades</strong></span> <span class='ocrx_word' id='word_1_77' title='bbox 743 1520 921 1581; x_wconf 75' lang='lat' dir='ltr'><strong>orientalem</strong></span> <span class='ocrx_word' id='word_1_78' title='bbox 950 1519 1050 1600; x_wconf 84' lang='lat' dir='ltr'><strong>Libyae</strong></span> <span class='ocrx_word' id='word_1_79' title='bbox 1064 1539 1149 1584; x_wconf 85' lang='lat' dir='ltr'><strong>oram</strong></span> 
     </span>
     <span class='ocr_line' id='line_1_13' title="bbox 165 1628 1149 1708; baseline 0.005 -23"><span class='ocrx_word' id='word_1_80' title='bbox 165 1673 168 1685; x_wconf 92' lang='lat'>.</span> <span class='ocrx_word' id='word_1_81' title='bbox 222 1636 334 1695; x_wconf 88' lang='lat' dir='ltr'><strong>tenent.</strong></span> <span class='ocrx_word' id='word_1_82' title='bbox 351 1628 387 1693; x_wconf 94' lang='lat' dir='ltr'><strong>In</strong></span> <span class='ocrx_word' id='word_1_83' title='bbox 397 1628 469 1708; x_wconf 88' lang='lat' dir='ltr'><strong>ipsis</strong></span> <span class='ocrx_word' id='word_1_84' title='bbox 482 1629 605 1693; x_wconf 82' lang='lat' dir='ltr'><strong>Soador</strong></span> <span class='ocrx_word' id='word_1_85' title='bbox 625 1628 782 1690; x_wconf 90' lang='lat' dir='ltr'><strong>montibus</strong></span> <span class='ocrx_word' id='word_1_86' title='bbox 807 1629 936 1706; x_wconf 84' lang='lat' dir='ltr'><strong>degunt;</strong></span> <span class='ocrx_word' id='word_1_87' title='bbox 952 1634 1069 1690; x_wconf 89' lang='lat' dir='ltr'><strong>mutato</strong></span> <span class='ocrx_word' id='word_1_88' title='bbox 1090 1647 1149 1690; x_wconf 92' lang='lat' dir='ltr'><strong>no-</strong></span> 
     </span>
     <span class='ocr_line' id='line_1_14' title="bbox 222 1735 1148 1816; baseline -0.002 -17"><span class='ocrx_word' id='word_1_89' title='bbox 222 1738 303 1800; x_wconf 90' lang='lat' dir='ltr'><strong>mine</strong></span> <span class='ocrx_word' id='word_1_90' title='bbox 318 1736 397 1799; x_wconf 87' lang='lat' dir='ltr'><strong>fiunt</strong></span> <span class='ocrx_word' id='word_1_91' title='bbox 420 1736 570 1808; x_wconf 60' lang='lat' dir='ltr'><strong>Semelam</strong></span> <span class='ocrx_word' id='word_1_92' title='bbox 585 1735 635 1798; x_wconf 90' lang='lat' dir='ltr'><strong>hic</strong></span> <span class='ocrx_word' id='word_1_93' title='bbox 662 1737 796 1816; x_wconf 87' lang='lat' dir='ltr'><strong>populus</strong></span> <span class='ocrx_word' id='word_1_94' title='bbox 819 1735 850 1797; x_wconf 91' lang='lat' dir='ltr'><strong>in</strong></span> <span class='ocrx_word' id='word_1_95' title='bbox 875 1736 988 1797; x_wconf 90' lang='lat' dir='ltr'><strong>multas</strong></span> <span class='ocrx_word' id='word_1_96' title='bbox 1010 1735 1148 1797; x_wconf 88' lang='lat' dir='ltr'><strong>nationes</strong></span> 
     </span>
     <span class='ocr_line' id='line_1_15' title="bbox 222 1840 1146 1923; baseline -0.003 -17"><span class='ocrx_word' id='word_1_97' title='bbox 222 1843 379 1918; x_wconf 79' lang='lat' dir='ltr'><strong>dividitur3</strong></span> <span class='ocrx_word' id='word_1_98' title='bbox 396 1840 498 1905; x_wconf 82' lang='lat' dir='ltr'><strong>«Miris</strong></span> <span class='ocrx_word' id='word_1_99' title='bbox 514 1841 650 1921; x_wconf 76' lang='lat' dir='ltr'><strong>gestibus</strong></span> <span class='ocrx_word' id='word_1_100' title='bbox 671 1849 812 1918; x_wconf 88' lang='lat' dir='ltr'><strong>utuntur,</strong></span> <span class='ocrx_word' id='word_1_101' title='bbox 824 1841 984 1922; x_wconf 86' lang='lat' dir='ltr'><strong>mysticum</strong></span> <span class='ocrx_word' id='word_1_102' title='bbox 1000 1842 1146 1923; x_wconf 82' lang='lat' dir='ltr'><strong>quiddam</strong></span> 
     </span>
     <span class='ocr_line' id='line_1_16' title="bbox 219 1947 1149 2032; baseline 0 -21"><span class='ocrx_word' id='word_1_103' title='bbox 219 1950 333 2032; x_wconf 79' lang='lat' dir='ltr'><strong>agitant</strong></span> <span class='ocrx_word' id='word_1_104' title='bbox 346 1968 381 2012; x_wconf 89' lang='lat' dir='ltr'><strong>ae</strong></span> <span class='ocrx_word' id='word_1_105' title='bbox 391 1948 570 2025; x_wconf 90' lang='lat' dir='ltr'><strong>vaticinum,</strong></span> <span class='ocrx_word' id='word_1_106' title='bbox 586 1947 677 2011; x_wconf 87' lang='lat' dir='ltr'><strong>sonos</strong></span> <span class='ocrx_word' id='word_1_107' title='bbox 690 1950 785 2012; x_wconf 87' lang='lat' dir='ltr'><strong>edunt</strong></span> <span class='ocrx_word' id='word_1_108' title='bbox 800 1948 953 2024; x_wconf 85' lang='lat' dir='ltr'><strong>confusos,</strong></span> <span class='ocrx_word' id='word_1_109' title='bbox 969 1956 1000 2010; x_wconf 86' lang='lat' dir='ltr'><strong>et</strong></span> <span class='ocrx_word' id='word_1_110' title='bbox 1015 1949 1149 2011; x_wconf 84' lang='lat' dir='ltr'><strong>inaudita</strong></span> 
     </span>
     <span class='ocr_line' id='line_1_17' title="bbox 219 2055 1109 2136; baseline -0.004 -18"><span class='ocrx_word' id='word_1_111' title='bbox 219 2058 319 2121; x_wconf 87' lang='lat' dir='ltr'><strong>verba.</strong></span> <span class='ocrx_word' id='word_1_112' title='bbox 328 2056 472 2119; x_wconf 83' lang='lat' dir='ltr'><strong>Praeteraa</strong></span> <span class='ocrx_word' id='word_1_113' title='bbox 486 2062 603 2119; x_wconf 88' lang='lat' dir='ltr'><strong>constat</strong></span> <span class='ocrx_word' id='word_1_114' title='bbox 615 2055 697 2136; x_wconf 90' lang='lat' dir='ltr'><strong>apud</strong></span> <span class='ocrx_word' id='word_1_115' title='bbox 710 2075 762 2118; x_wconf 91' lang='lat' dir='ltr'><strong>eos</strong></span> <span class='ocrx_word' id='word_1_116' title='bbox 771 2057 931 2136; x_wconf 86' lang='lat' dir='ltr'><strong>speluncas</strong></span> <span class='ocrx_word' id='word_1_117' title='bbox 941 2055 1081 2118; x_wconf 88' lang='lat' dir='ltr'><strong>inveniri.</strong></span> <span class='ocrx_word' id='word_1_118' title='bbox 1095 2081 1109 2114; x_wconf 75' lang='lat' dir='ltr'><strong>a</strong></span> 
     </span>
    </p>

    <p class='ocr_par' dir='ltr' id='par_1_5' title="bbox 222 2162 1151 2549">
     <span class='ocr_line' id='line_1_18' title="bbox 260 2162 1151 2244; baseline 0.001 -18"><span class='ocrx_word' id='word_1_119' title='bbox 260 2163 341 2240; x_wconf 86' lang='lat' dir='ltr'><strong>Quid</strong></span> <span class='ocrx_word' id='word_1_120' title='bbox 354 2162 463 2225; x_wconf 91' lang='lat' dir='ltr'><strong>melius</strong></span> <span class='ocrx_word' id='word_1_121' title='bbox 477 2180 548 2224; x_wconf 89' lang='lat' dir='ltr'><strong>cum</strong></span> <span class='ocrx_word' id='word_1_122' title='bbox 563 2162 754 2241; x_wconf 80' lang='lat' dir='ltr'><strong>Troglodytis</strong></span> <span class='ocrx_word' id='word_1_123' title='bbox 771 2171 929 2241; x_wconf 83' lang='lat' dir='ltr'><strong>congruat,</strong></span> <span class='ocrx_word' id='word_1_124' title='bbox 947 2181 1024 2244; x_wconf 79' lang='lat' dir='ltr'><strong>quos</strong></span> <span class='ocrx_word' id='word_1_125' title='bbox 1039 2163 1151 2227; x_wconf 89' lang='lat' dir='ltr'><strong>scimus</strong></span> 
     </span>
     <span class='ocr_line' id='line_1_19' title="bbox 223 2267 1151 2350; baseline 0.001 -18"><span class='ocrx_word' id='word_1_126' title='bbox 223 2270 313 2333; x_wconf 85' lang='lat' dir='ltr'><strong>luisse</strong></span> <span class='ocrx_word' id='word_1_127' title='bbox 324 2267 525 2348; x_wconf 86' lang='lat' dir='ltr'><strong>multiplicem</strong></span> <span class='ocrx_word' id='word_1_128' title='bbox 535 2269 696 2349; x_wconf 87' lang='lat' dir='ltr'><strong>populum,</strong></span> <span class='ocrx_word' id='word_1_129' title='bbox 705 2268 754 2330; x_wconf 89' lang='lat' dir='ltr'><strong>eui</strong></span> <span class='ocrx_word' id='word_1_130' title='bbox 766 2291 780 2326; x_wconf 82' lang='lat' dir='ltr'><strong>o</strong></span> <span class='ocrx_word' id='word_1_131' title='bbox 791 2269 902 2331; x_wconf 90' lang='lat' dir='ltr'><strong>stridor</strong></span> <span class='ocrx_word' id='word_1_132' title='bbox 912 2287 973 2331; x_wconf 92' lang='lat' dir='ltr'><strong>non</strong></span> <span class='ocrx_word' id='word_1_133' title='bbox 985 2288 1060 2350; x_wconf 78' lang='lat' dir='ltr'><strong>vox3</strong></span> <span class='ocrx_word' id='word_1_134' title='bbox 1076 2271 1151 2334; x_wconf 87' lang='lat' dir='ltr'><strong>adeo</strong></span> 
     </span>
     <span class='ocr_line' id='line_1_20' title="bbox 222 2368 1151 2457; baseline -0.002 -17"><span class='ocrx_word' id='word_1_135' title='bbox 222 2377 368 2445; x_wconf 89' lang='lat' dir='ltr'><strong>sermonis</strong></span> <span class='ocrx_word' id='word_1_136' title='bbox 391 2375 575 2439; x_wconf 86' lang='lat' dir='ltr'><strong>commercio</strong></span> <span class='ocrx_word' id='word_1_137' title='bbox 590 2368 709 2450; x_wconf 60' lang='lat' dir='ltr'><strong>carent}</strong></span> <span class='ocrx_word' id='word_1_138' title='bbox 725 2393 833 2457; x_wconf 88' lang='lat' dir='ltr'><strong>specus</strong></span> <span class='ocrx_word' id='word_1_139' title='bbox 847 2383 990 2439; x_wconf 85' lang='lat' dir='ltr'><strong>excavant</strong></span> <span class='ocrx_word' id='word_1_140' title='bbox 1007 2397 1014 2439; x_wconf 92' lang='lat'>:</span> <span class='ocrx_word' id='word_1_141' title='bbox 1031 2378 1151 2440; x_wconf 82' lang='lat' dir='ltr'><strong>basillis</strong></span> 
     </span>
     <span class='ocr_line' id='line_1_21' title="bbox 222 2487 370 2549; baseline -0.007 -1"><span class='ocrx_word' id='word_1_142' title='bbox 222 2487 342 2549; x_wconf 81' lang='lat' dir='ltr'><strong>domus,</strong></span> <span class='ocrx_word' id='word_1_143' title='bbox 358 2511 370 2541; x_wconf 87' lang='lat' dir='ltr'><strong>n</strong></span> 
     </span>
    </p>

    <p class='ocr_par' dir='ltr' id='par_1_6' title="bbox 220 2591 1152 3422">
     <span class='ocr_line' id='line_1_22' title="bbox 248 2591 1151 2674; baseline -0.006 -16"><span class='ocrx_word' id='word_1_144' title='bbox 248 2594 372 2658; x_wconf 75' lang='lat' dir='ltr'><strong>&#39;Gentes</strong></span> <span class='ocrx_word' id='word_1_145' title='bbox 393 2593 644 2674; x_wconf 82' lang='lat' dir='ltr'><strong>Troglodytarum</strong></span> <span class='ocrx_word' id='word_1_146' title='bbox 668 2591 795 2667; x_wconf 87' lang='lat' dir='ltr'><strong>Plinius,</strong></span> <span class='ocrx_word' id='word_1_147' title='bbox 812 2599 935 2656; x_wconf 90' lang='lat' dir='ltr'><strong>auctore</strong></span> <span class='ocrx_word' id='word_1_148' title='bbox 948 2592 1038 2668; x_wconf 83' lang='lat' dir='ltr'><strong>Iuba,</strong></span> <span class='ocrx_word' id='word_1_149' title='bbox 1060 2592 1151 2654; x_wconf 82' lang='lat' dir='ltr'><strong>tradit</strong></span> 
     </span>
     <span class='ocr_line' id='line_1_23' title="bbox 221 2698 1152 2777; baseline -0.003 -13"><span class='ocrx_word' id='word_1_150' title='bbox 221 2702 385 2765; x_wconf 83' lang='lat' dir='ltr'><strong>Therotoas</strong></span> <span class='ocrx_word' id='word_1_151' title='bbox 411 2720 428 2764; x_wconf 87' lang='lat' dir='ltr'><strong>a</strong></span> <span class='ocrx_word' id='word_1_152' title='bbox 462 2709 572 2765; x_wconf 85' lang='lat' dir='ltr'><strong>venatu</strong></span> <span class='ocrx_word' id='word_1_153' title='bbox 607 2701 714 2777; x_wconf 88' lang='lat' dir='ltr'><strong>dictos,</strong></span> <span class='ocrx_word' id='word_1_154' title='bbox 742 2699 828 2762; x_wconf 79' lang='lat' dir='ltr'><strong>mira</strong></span> <span class='ocrx_word' id='word_1_155' title='bbox 856 2698 1041 2777; x_wconf 83' lang='lat' dir='ltr'><strong>velocitatis3</strong></span> <span class='ocrx_word' id='word_1_156' title='bbox 1074 2699 1152 2761; x_wconf 89' lang='lat' dir='ltr'><strong>sicut</strong></span> 
     </span>
     <span class='ocr_line' id='line_1_24' title="bbox 221 2805 1150 2890; baseline -0.002 -19"><span class='ocrx_word' id='word_1_157' title='bbox 221 2809 472 2890; x_wconf 80' lang='lat' dir='ltr'><strong>ichthyophagos,</strong></span> <span class='ocrx_word' id='word_1_158' title='bbox 489 2816 626 2871; x_wconf 88' lang='lat' dir='ltr'><strong>natantes</strong></span> <span class='ocrx_word' id='word_1_159' title='bbox 639 2827 694 2870; x_wconf 92' lang='lat' dir='ltr'><strong>ceu</strong></span> <span class='ocrx_word' id='word_1_160' title='bbox 709 2807 801 2869; x_wconf 88' lang='lat' dir='ltr'><strong>maris</strong></span> <span class='ocrx_word' id='word_1_161' title='bbox 820 2807 974 2882; x_wconf 89' lang='lat' dir='ltr'><strong>animalia,</strong></span> <span class='ocrx_word' id='word_1_162' title='bbox 990 2805 1150 2888; x_wconf 82' lang='lat' dir='ltr'><strong>Bargenas,</strong></span> 
     </span>
     <span class='ocr_line' id='line_1_25' title="bbox 220 2914 1151 2996; baseline -0.004 -17"><span class='ocrx_word' id='word_1_163' title='bbox 220 2917 354 2996; x_wconf 82' lang='lat' dir='ltr'><strong>Zageras,</strong></span> <span class='ocrx_word' id='word_1_164' title='bbox 375 2915 531 2995; x_wconf 82' lang='lat' dir='ltr'><strong>Chalybas,</strong></span> <span class='ocrx_word' id='word_1_165' title='bbox 550 2914 685 2990; x_wconf 82' lang='lat' dir='ltr'><strong>Saxinae,</strong></span> <span class='ocrx_word' id='word_1_166' title='bbox 711 2914 845 2994; x_wconf 83' lang='lat' dir='ltr'><strong>Syrenas,</strong></span> <span class='ocrx_word' id='word_1_167' title='bbox 862 2914 1017 2990; x_wconf 87' lang='lat' dir='ltr'><strong>Daremas,</strong></span> <span class='ocrx_word' id='word_1_168' title='bbox 1037 2914 1151 2976; x_wconf 90' lang='lat' dir='ltr'><strong>Doma-</strong></span> 
     </span>
     <span class='ocr_line' id='line_1_26' title="bbox 221 3020 1152 3104; baseline -0.002 -20"><span class='ocrx_word' id='word_1_169' title='bbox 221 3041 311 3086; x_wconf 86' lang='lat' dir='ltr'><strong>zanes</strong></span> <span class='ocrx_word' id='word_1_170' title='bbox 344 3022 426 3085; x_wconf 89' lang='lat' dir='ltr'><strong>Inter</strong></span> <span class='ocrx_word' id='word_1_171' title='bbox 441 3042 518 3104; x_wconf 89' lang='lat' dir='ltr'><strong>quos</strong></span> <span class='ocrx_word' id='word_1_172' title='bbox 533 3022 671 3101; x_wconf 82' lang='lat' dir='ltr'><strong>Chalybae</strong></span> <span class='ocrx_word' id='word_1_173' title='bbox 691 3021 816 3083; x_wconf 88' lang='lat' dir='ltr'><strong>nomine</strong></span> <span class='ocrx_word' id='word_1_174' title='bbox 835 3020 904 3082; x_wconf 84' lang='lat' dir='ltr'><strong>ferri</strong></span> <span class='ocrx_word' id='word_1_175' title='bbox 930 3020 1078 3083; x_wconf 85' lang='lat' dir='ltr'><strong>tractandi</strong></span> <span class='ocrx_word' id='word_1_176' title='bbox 1104 3040 1152 3083; x_wconf 86' lang='lat' dir='ltr'><strong>ar-</strong></span> 
     </span>
     <span class='ocr_line' id='line_1_27' title="bbox 222 3125 1149 3207; baseline -0.004 -16"><span class='ocrx_word' id='word_1_177' title='bbox 222 3137 282 3191; x_wconf 82' lang='lat' dir='ltr'><strong>tam</strong></span> <span class='ocrx_word' id='word_1_178' title='bbox 303 3129 335 3191; x_wconf 94' lang='lat' dir='ltr'><strong>in</strong></span> <span class='ocrx_word' id='word_1_179' title='bbox 349 3129 529 3193; x_wconf 87' lang='lat' dir='ltr'><strong>memoriam</strong></span> <span class='ocrx_word' id='word_1_180' title='bbox 547 3135 699 3191; x_wconf 88' lang='lat' dir='ltr'><strong>revocant.</strong></span> <span class='ocrx_word' id='word_1_181' title='bbox 719 3127 787 3192; x_wconf 93' lang='lat' dir='ltr'><strong>Non</strong></span> <span class='ocrx_word' id='word_1_182' title='bbox 809 3135 911 3188; x_wconf 87' lang='lat' dir='ltr'><strong>autem</strong></span> <span class='ocrx_word' id='word_1_183' title='bbox 926 3125 1079 3207; x_wconf 79' lang='lat' dir='ltr'><strong>ingratum</strong></span> <span class='ocrx_word' id='word_1_184' title='bbox 1104 3134 1149 3188; x_wconf 90' lang='lat' dir='ltr'><strong>est</strong></span> 
     </span>
     <span class='ocr_line' id='line_1_28' title="bbox 221 3216 1152 3317; baseline -0.003 -18"><span class='ocrx_word' id='word_1_185' title='bbox 221 3235 342 3312; x_wconf 85' lang='lat' dir='ltr'><strong>referre,</strong></span> <span class='ocrx_word' id='word_1_186' title='bbox 368 3237 449 3317; x_wconf 89' lang='lat' dir='ltr'><strong>apud</strong></span> <span class='ocrx_word' id='word_1_187' title='bbox 479 3236 599 3311; x_wconf 80' lang='lat' dir='ltr'><strong>Gallos,</strong></span> <span class='ocrx_word' id='word_1_188' title='bbox 632 3234 684 3296; x_wconf 87' lang='lat' dir='ltr'><strong>etsi</strong></span> <span class='ocrx_word' id='word_1_189' title='bbox 721 3234 811 3311; x_wconf 85' lang='lat' dir='ltr'><strong>faros,</strong></span> <span class='ocrx_word' id='word_1_190' title='bbox 845 3242 941 3296; x_wconf 88' lang='lat' dir='ltr'><strong>artem</strong></span> <span class='ocrx_word' id='word_1_191' title='bbox 955 3216 1152 3296; x_wconf 83' lang='lat' dir='ltr'><strong>metallorum</strong></span> 
     </span>
     <span class='ocr_line' id='line_1_29' title="bbox 221 3341 1147 3422; baseline -0.002 -18"><span class='ocrx_word' id='word_1_192' title='bbox 221 3342 448 3406; x_wconf 88' lang='lat' dir='ltr'><strong>tractandorum</strong></span> <span class='ocrx_word' id='word_1_193' title='bbox 464 3342 606 3406; x_wconf 81' lang='lat' dir='ltr'><strong>exerceri.</strong></span> <span class='ocrx_word' id='word_1_194' title='bbox 623 3341 796 3420; x_wconf 87' lang='lat' dir='ltr'><strong>Quamdam</strong></span> <span class='ocrx_word' id='word_1_195' title='bbox 811 3347 953 3422; x_wconf 79' lang='lat' dir='ltr'><strong>praterea</strong></span> <span class='ocrx_word' id='word_1_196' title='bbox 977 3360 1147 3404; x_wconf 90' lang='lat' dir='ltr'><strong>consonan-</strong></span> 
     </span>
    </p>
   </div>
   <div class='ocr_carea' id='block_1_4' title="bbox 139 3447 1150 3524">
    <p class='ocr_par' dir='ltr' id='par_1_7' title="bbox 139 3447 1150 3524">
     <span class='ocr_line' id='line_1_30' title="bbox 139 3447 1150 3524; baseline -0.005 -8"><span class='ocrx_word' id='word_1_197' title='bbox 139 3510 141 3516; x_wconf 90' lang='lat'>.</span> <span class='ocrx_word' id='word_1_198' title='bbox 224 3449 297 3513; x_wconf 86' lang='lat' dir='ltr'><strong>tiam</strong></span> <span class='ocrx_word' id='word_1_199' title='bbox 318 3455 423 3511; x_wconf 86' lang='lat' dir='ltr'><strong>notare</strong></span> <span class='ocrx_word' id='word_1_200' title='bbox 439 3450 519 3524; x_wconf 90' lang='lat' dir='ltr'><strong>lieet,</strong></span> <span class='ocrx_word' id='word_1_201' title='bbox 546 3449 602 3511; x_wconf 88' lang='lat' dir='ltr'><strong>etsi</strong></span> <span class='ocrx_word' id='word_1_202' title='bbox 617 3467 678 3511; x_wconf 91' lang='lat' dir='ltr'><strong>non</strong></span> <span class='ocrx_word' id='word_1_203' title='bbox 694 3447 767 3510; x_wconf 88' lang='lat' dir='ltr'><strong>fidas</strong></span> <span class='ocrx_word' id='word_1_204' title='bbox 789 3447 920 3511; x_wconf 87' lang='lat' dir='ltr'><strong>maxima</strong></span> <span class='ocrx_word' id='word_1_205' title='bbox 945 3455 989 3510; x_wconf 89' lang='lat' dir='ltr'><strong>est</strong></span> <span class='ocrx_word' id='word_1_206' title='bbox 1002 3448 1150 3524; x_wconf 88' lang='lat' dir='ltr'><strong>habenda,</strong></span> 
     </span>
    </p>
   </div>
   <div class='ocr_carea' id='block_1_5' title="bbox 221 3552 1228 3852">
    <p class='ocr_par' dir='ltr' id='par_1_8' title="bbox 221 3552 1228 3852">
     <span class='ocr_line' id='line_1_31' title="bbox 221 3552 1152 3636; baseline 0.002 -22"><span class='ocrx_word' id='word_1_207' title='bbox 221 3554 297 3617; x_wconf 89' lang='lat' dir='ltr'><strong>inter</strong></span> <span class='ocrx_word' id='word_1_208' title='bbox 310 3555 458 3636; x_wconf 81' lang='lat' dir='ltr'><strong>Bargsnas</strong></span> <span class='ocrx_word' id='word_1_209' title='bbox 476 3562 506 3618; x_wconf 88' lang='lat' dir='ltr'><strong>et</strong></span> <span class='ocrx_word' id='word_1_210' title='bbox 522 3556 602 3618; x_wconf 71' lang='lat' dir='ltr'><strong>adra</strong></span> <span class='ocrx_word' id='word_1_211' title='bbox 616 3561 730 3634; x_wconf 82' lang='lat' dir='ltr'><strong>gentes,</strong></span> <span class='ocrx_word' id='word_1_212' title='bbox 743 3552 822 3618; x_wconf 83' lang='lat' dir='ltr'><strong>inter</strong></span> <span class='ocrx_word' id='word_1_213' title='bbox 835 3555 961 3634; x_wconf 82' lang='lat' dir='ltr'><strong>Zagurae</strong></span> <span class='ocrx_word' id='word_1_214' title='bbox 988 3561 1018 3615; x_wconf 87' lang='lat' dir='ltr'><strong>et</strong></span> <span class='ocrx_word' id='word_1_215' title='bbox 1033 3553 1152 3617; x_wconf 88' lang='lat' dir='ltr'><strong>incolas</strong></span> 
     </span>
     <span class='ocr_line' id='line_1_32' title="bbox 225 3663 1228 3745; baseline 0.001 -24"><span class='ocrx_word' id='word_1_216' title='bbox 225 3663 357 3743; x_wconf 86' lang='lat' dir='ltr'><strong>regionis</strong></span> <span class='ocrx_word' id='word_1_217' title='bbox 371 3663 496 3742; x_wconf 83' lang='lat' dir='ltr'><strong>chher,</strong></span> <span class='ocrx_word' id='word_1_218' title='bbox 507 3663 585 3725; x_wconf 91' lang='lat' dir='ltr'><strong>inter</strong></span> <span class='ocrx_word' id='word_1_219' title='bbox 593 3663 716 3744; x_wconf 88' lang='lat' dir='ltr'><strong>Syrecas</strong></span> <span class='ocrx_word' id='word_1_220' title='bbox 726 3669 755 3725; x_wconf 90' lang='lat' dir='ltr'><strong>et</strong></span> <span class='ocrx_word' id='word_1_221' title='bbox 770 3663 901 3745; x_wconf 87' lang='lat' dir='ltr'><strong>populos</strong></span> <span class='ocrx_word' id='word_1_222' title='bbox 912 3664 991 3725; x_wconf 86' lang='lat' dir='ltr'><strong>Suro</strong></span> <span class='ocrx_word' id='word_1_223' title='bbox 1004 3667 1149 3724; x_wconf 84' lang='lat' dir='ltr'><strong>tenentes.</strong></span> <span class='ocrx_word' id='word_1_224' title='bbox 1225 3724 1228 3729; x_wconf 74' lang='grc'><em>,</em></span> 
     </span>
     <span class='ocr_line' id='line_1_33' title="bbox 264 3768 1153 3852; baseline -0.003 -19"><span class='ocrx_word' id='word_1_225' title='bbox 264 3769 343 3833; x_wconf 88' lang='lat' dir='ltr'><strong>Hinc</strong></span> <span class='ocrx_word' id='word_1_226' title='bbox 349 3768 487 3833; x_wconf 88' lang='lat' dir='ltr'><strong>arbitrari</strong></span> <span class='ocrx_word' id='word_1_227' title='bbox 501 3769 772 3852; x_wconf 81' lang='lat' dir='ltr'><strong>licetTroglodytas</strong></span> <span class='ocrx_word' id='word_1_228' title='bbox 783 3769 891 3835; x_wconf 84' lang='lat' dir='ltr'><strong>Gallos</strong></span> <span class='ocrx_word' id='word_1_229' title='bbox 900 3768 1021 3852; x_wconf 90' lang='lat' dir='ltr'><strong>populis</strong></span> <span class='ocrx_word' id='word_1_230' title='bbox 1030 3785 1153 3848; x_wconf 89' lang='lat' dir='ltr'><strong>respon·</strong></span> 
     </span>
    </p>
   </div>
   <div class='ocr_carea' id='block_1_6' title="bbox 0 0 1330 4560">
    <p class='ocr_par' dir='ltr' id='par_1_9' title="bbox 0 0 1330 4560">
     <span class='ocr_line' id='line_1_34' title="bbox 0 0 1330 4560; baseline 0 0"><span class='ocrx_word' id='word_1_231' title='bbox 0 0 1330 4560; x_wconf 95' lang='lat' dir='ltr'><strong> </strong></span> 
     </span>
    </p>
   </div>
  </div>
 </body>
</html>
