2648 4560
605 299 761 359 ..35-

258 427 303 493 lix
315 429 513 491 hisomnibus
535 437 652 493 constat
668 430 792 510 Augilas
814 429 916 493 Oasim
933 448 1016 492 nunc
1036 430 1147 511 Udjela

219 538 331 600 dictam
345 536 490 613 tenuisse;
506 539 587 602 unde
601 556 652 601 eos
665 537 764 601 locare
778 539 923 601 debemus
936 538 974 601 ad
989 537 1143 601 Orientem

218 646 349 728 regionis
362 646 524 708 Phazania.

257 755 452 818 Garamantes
471 773 593 837 quoque
607 753 796 817 existimandi
811 763 891 818 sunt·
908 755 1012 837 Psylli,
1032 754 1094 829 sed,
1110 763 1143 818 ut

216 859 433 923 solitudinibus
455 859 621 941 propiores,
653 860 693 923 ita
713 880 836 944 quoque
863 861 966 925 minus
993 862 1144 925 veteribus

217 968 303 1044 noti;
331 967 421 1030 multi
446 975 546 1031 tamen
567 970 605 1030 de
625 968 661 1031 iis
681 968 773 1032 locuti
794 978 876 1045 sunt,
899 971 951 1033 sed
974 970 1144 1034 fabularum

217 1075 411 1157 potiusquam
425 1076 613 1157 geographiae
627 1095 727 1139 causa.
752 1076 873 1139 Etenim
893 1077 1009 1140 ven'ena
1023 1097 1146 1159 serpen-

216 1187 281 1242 tum
295 1180 437 1244 dentibus
457 1184 623 1259 extrahere,
653 1191 683 1244 et
696 1182 842 1246 mirificos
861 1183 892 1246 in
915 1204 987 1247 usus
1002 1184 1144 1248 adhibere

216 1285 434 1362 credebantur;
456 1287 515 1350 Sed
535 1288 645 1351 melius
668 1290 733 1351 hac
747 1290 910 1371 descriptio
934 1291 1016 1372 apud
1042 1300 1145 1373 poetas

214 1412 305 1473 quam
313 1395 601 1476 apud‘geographos,
615 1397 696 1476 apud
704 1401 861 1461 Lucanum
876 1398 1144 1481 quamapudStra-
1232 1431 1234 1436 ·

111 1522 115 1529 ¹
215 1499 323 1561 bonam
332 1500 450 1580 legitur.
461 1502 745 1565 Eosautemvixisse
759 1522 867 1567 censeo
885 1505 916 1566 in
929 1503 998 1568 Oasi
1010 1505 1140 1586 quadarn

214 1605 427 1680 remotissima,
449 1605 572 1670 fortasse
593 1609 623 1670 in
644 1628 680 1672 ea
700 1628 767 1690 quae
783 1610 872 1689 [nunc
885 1610 1005 1690 Apodez
1020 1628 1142 1672 nuncu-

213 1721 312 1790 patur.

252 1818 364 1882 'Ultima
376 1828 480 1882 autem
489 1819 707 1883 Garamantum
717 1823 800 1885 natio
814 1826 916 1898 Macae,
939 1841 1017 1903 quos
1025 1821 1140 1885 Plinius

212 1926 430 1988 Nasamonibus
443 1927 682 1991 adoccidentem
706 1930 863 2015 proximos
885 1929 1003 1992 locavit.
1026 1922 1140 1994 Mutato

212 2033 335 2096 nomine
349 2036 428 2114 apud
442 2043 545 2116 poetas
555 2036 698 2099 dicuntur
709 2036 849 2102 Mazaces.
870 2038 954 2116 Quos
964 2038 1140 2118 sagittarum

211 2140 428 2203 mittendarum
446 2141 644 2223 peritissimos
666 2143 849 2207 Claudianus
864 2153 893 2207 et
912 2144 1052 2208 Lucanus
1066 2165 1140 2226 pro·

211 2248 296 2311 dunt.
313 2248 377 2311 Hoc
391 2256 492 2311 autem
506 2249 598 2312 modo
612 2250 725 2314 bellare
738 2251 936 2316 Garamantes
949 2252 1097 2315 solebant.

248 2357 291 2419 De
317 2357 537 2420 Nasamonibus
568 2376 630 2420 non
654 2359 806 2421 convenit.
837 2359 958 2422 Etenim
983 2361 1139 2423 contendit

208 2465 323 2528 Plinius
336 2483 387 2528 eos
405 2484 422 2527 e
439 2464 654 2527 solitudinibus
664 2466 790 2543 venisse,
807 2475 837 2528 et
854 2467 926 2529 inde
944 2466 1002 2529 diei
1018 2487 1140 2550 quoque

209 2576 435 2634 Mesammones.
453 2571 543 2650 Quod
558 2572 582 2634 si
597 2590 704 2634 verum
717 2573 766 2649 sit,
789 2574 984 2637 Garamantes
1006 2576 1137 2639 habendi

175 2677 178 2684 '
208 2688 287 2754 sunt,
307 2680 359 2761 qui
374 2686 535 2761 postquam
554 2678 646 2742 maris
660 2698 746 2742 oram
760 2687 997 2762 occupaverunt,
1013 2684 1139 2745 mutatis

208 2776 355 2860 moribus,
366 2786 498 2848 marium
505 2785 673 2865 praedones
683 2785 735 2868 qui
744 2785 862 2848 fuerant
877 2793 964 2848 antea
977 2793 1135 2860 terrarum,

209 2891 277 2952 lacti
291 2900 371 2954 sunt.
393 2891 542 2973 Tempore
555 2891 643 2955 Plinii
659 2892 752 2953 nullis
768 2892 877 2973 opibus
897 2892 1048 2954 valebant.
1066 2891 1135 2966 Sed,
1220 2948 1224 2955 .

207 3016 302 3079 quum
317 2998 459 3060 scriberet
473 2997 653 3074 Herodotus,
670 2997 875 3061 florentissimi
889 2998 947 3061 toti
961 3017 1020 3060 orae
1036 2997 1138 3060 domi-

207 3107 365 3168 nabantur.
384 3105 479 3181 Tunc,
502 3115 614 3167 terram
629 3124 753 3188 quoque
772 3125 834 3168 non
855 3106 1082 3181 dedidicerant,
1109 3117 1139 3170 et

206 3212 433 3293 expeditionum
447 3212 576 3275 duccsin
592 3213 767 3276 interiorem
782 3214 907 3294 Libyam
918 3214 1135 3293 penetrabant;

205 3321 251 3383 his
274 3320 374 3383 forsan
402 3320 586 3395 auctoribus,
619 3328 692 3384 tunc
720 3321 855 3402 primum
881 3320 1007 3384 interior
1040 3319 1135 3407 Libya

206 3446 276 3489 cum
298 3434 407 3488 caetero
430 3427 502 3488 orbe
523 3428 741 3490 commercium
766 3429 894 3508 jungere
913 3427 1014 3508 coepit.
1044 3427 1135 3490 Nasa-

204 3551 310 3593 mones
323 3538 436 3608 autem,
453 3531 477 3592 si
492 3532 644 3595 Herodoto
667 3533 804 3609 tidesest,
820 3533 1036 3614 geographiam
1051 3534 1131 3594 cole-

204 3640 287 3715 bant,
299 3646 328 3700 et
340 3637 470 3720 quiquid
484 3638 536 3701 ille
549 3640 587 3701 de
600 3641 692 3722 Libya
710 3641 865 3720 cognovit,
881 3661 898 3704 a
915 3640 1136 3704 Nasamonibus

204 3754 370 3826 acceperat.
397 3745 475 3810 Hinc
488 3747 564 3810 mihi
579 3744 791 3811 arbitrandum
805 3756 850 3810 est
862 3748 1057 3821 Nasamones,
1075 3765 1136 3808 non
