2648 4560
587 314 744 375 ...39-

203 443 362 525 arrepturi.
378 443 492 508 Verum
505 444 593 508 tertia
609 464 663 527 per
678 446 843 528 AEgyptum
859 445 918 519 via,
934 445 995 508 fere
1022 445 1127 525 ignota

204 550 261 613 suit
273 552 311 614 ad
324 552 383 614 hoc
396 558 526 633 tempus3
543 552 596 614 sed
616 571 653 615 ex
667 572 729 635 qno
749 554 897 634 AEgyptas
909 559 939 615 et
950 551 1126 633 principum

203 659 422 740 magnitudine,
437 666 467 722 et
479 661 649 740 duplorum
663 659 1018 724 commereioebarbaria
1031 677 1128 721 emer-
1167 736 1171 743 Ι

202 766 251 840 sit,
261 765 401 828 omnium
409 765 501 829 simul
512 774 542 827 et
555 766 729 829 brevissima
745 775 775 829 et
788 766 941 839 facillima,
957 784 1019 828 non
1032 767 1126 828 modo

202 892 239 935 ex
264 873 328 954 ipsa
350 873 563 954 indigenarum
585 874 736 953 facilitate,
761 875 814 938 sed
838 874 910 956 quia
936 873 995 937 loci
1017 872 1125 936 excelsi

202 980 359 1062 Europaeis
372 982 469 1044 multo
482 981 663 1045 salubriores
678 983 839 1046 habentur.
861 983 983 1046 Etenim
998 983 1073 1044 dum
1087 984 1125 1045 ab

202 1088 357 1150 occidente
371 1086 490 1150 fabriles
515 1088 651 1170 paludes,
667 1089 705 1150 ab
719 1089 924 1169 septentrione
948 1088 1127 1151 solitudines

201 1202 313 1258 exusta
325 1196 455 1270 obstant,
480 1195 519 1258 ab
533 1194 649 1258 oriente
656 1196 739 1276 regio
756 1194 914 1273 ditissima,
929 1194 1124 1272 fertilissima,

203 1302 368 1378 fructuum,
390 1304 565 1379 herbarum,
592 1304 746 1385 pecudum
770 1303 963 1380 feracissima,
983 1302 1126 1366 sollicitat

202 1410 377 1492 Europaeos,
389 1417 424 1472 ut
437 1410 562 1490 Libyam
575 1430 699 1493 quoque
714 1412 746 1473 in
763 1429 928 1474 commune
944 1410 1126 1489 litterarum,

203 1514 397 1577 scientiarum
409 1514 583 1596 artiumque
597 1516 785 1579 consortium
802 1523 921 1579 vocent.

242 1622 362 1685 Veteres
375 1629 476 1685 autem
487 1623 595 1704 populi
615 1623 817 1686 occidentales
834 1623 943 1687 Africae
956 1630 1062 1700 terras,
1077 1642 1131 1686 na-

203 1729 337 1808 vigantes
358 1747 376 1790 e
398 1730 473 1792 mari
496 1737 616 1793 tantum
638 1739 867 1811 conspexerant.
895 1729 1058 1807 Quondam
1077 1746 1132 1812 per

203 1837 439 1917 septentrionem
469 1837 571 1914 Poeni,
593 1846 628 1901 ut
650 1837 730 1900 fama
757 1845 813 1914 est,
838 1838 957 1900 divitias
981 1838 1131 1900 interioris

203 1950 289 2006 terrae
310 1963 446 2026 quaerere
466 1963 529 2008 non
552 1947 747 2009 horruerunt.
772 1945 927 2027 Superatis
940 1944 1057 2021 Poenis,
1070 1946 1130 2008 Ro-

204 2049 298 2125 mani,
313 2051 433 2131 punieae
446 2052 577 2115 avaritia
590 2054 736 2128 haeredes,
758 2052 815 2114 sibi
830 2052 937 2115 eadem
950 2052 998 2115 via
1011 2051 1131 2114 easdem

203 2155 321 2219 divitias
334 2159 372 2220 ab
393 2158 555 2239 indigenis,
572 2159 826 2223 commerciorum
842 2158 1001 2234 facultate,
1029 2157 1129 2221 afferri

203 2271 397 2340 curaverunt;
422 2266 474 2327 sed
487 2272 605 2328 constat
624 2285 784 2348 quousque
814 2267 870 2348 ipsi
898 2265 1128 2348 penetraverint.

203 2367 325 2431 Etenim
343 2369 459 2433 Plinius
484 2372 617 2435 declarat
641 2372 823 2437 Suetonium
842 2371 1015 2436 Paullinum
1030 2371 1132 2454 (quem

204 2477 361 2539 consulem
376 2477 521 2561 viderat),
536 2479 672 2561 primurn
681 2480 890 2544 Romanorum
904 2480 1019 2541 ducum
1034 2487 1131 2564 trans·

203 2601 341 2663 gressum
354 2602 418 2648 esse
429 2585 593 2663 Atlantem,
616 2585 734 2668 aliquot
747 2586 882 2649 millium
896 2585 1005 2666 spatio.
1020 2584 1132 2648 Balbus

203 2693 296 2772 paulo
307 2693 428 2773 longius
441 2712 537 2775 usqua
557 2695 589 2756 in
609 2695 787 2756 Hammado
808 2710 985 2774 progressus
1002 2700 1083 2766 erat,
1098 2699 1134 2755 ut

204 2808 403 2861 monumenta
413 2799 610 2862 celeberrimo
621 2799 712 2862 Barth
726 2799 799 2876 visa,
816 2806 972 2861 testantur.
985 2798 1045 2861 Sed
1054 2817 1132 2860 sem-

206 2924 259 2986 per
268 2906 411 2969 Romanis
423 2907 589 2987 uiatoribus
598 2906 816 2987 insuperabiles
825 2906 1010 2969 obstiterunt
1023 2922 1130 2969 arena.

244 3011 343 3075 Tertia
355 3020 457 3075 autem
475 3011 533 3098 via,
546 3011 576 3074 id
590 3020 634 3074 est
648 3029 703 3093 per
725 3013 900 3093 AEgyptum,
922 3011 1132 3075 remotissimis

204 3117 395 3199 temporibus
411 3117 506 3197 libya
527 3117 654 3182 interior
677 3118 856 3198 alienigenis
869 3119 979 3200 patuit.
1003 3117 1088 3193 Hac,
1109 3117 1133 3179 si

205 3224 359 3287 Herodoto
373 3231 465 3306 atque
486 3224 621 3288 Diodoro
633 3225 796 3300 eredimus,
811 3224 953 3288 Sesostris
965 3223 1028 3287 fere
1039 3232 1135 3288 totam
1199 3251 1202 3255 ¹

203 3330 330 3411 Libyam
346 3348 402 3393 suo
424 3330 553 3413 imperio
574 3332 700 3395 addixit.
716 3332 779 3395 Hac
796 3331 821 3393 si
835 3349 895 3412 qua
907 3331 1049 3408 lidesest,
1074 3332 1133 3396 hoc

206 3437 419 3517 longissimum
432 3439 565 3502 triennio
579 3439 646 3513 iter,
663 3441 750 3519 cujus
766 3446 916 3514 auctores,
932 3439 1016 3503 fuere
1030 3439 1135 3503 Hiram

205 3553 236 3605 et
248 3543 371 3608 Salomo
388 3563 443 3626 per
464 3545 643 3608 orientalem
661 3546 793 3610 lllricam
813 3554 843 3610 et
862 3547 977 3610 vicinas
992 3546 1062 3610 Nilo
1077 3554 1135 3609 ter·

207 3670 265 3726 ras,
280 3651 435 3714 Phoenices
449 3671 521 3715 cum
534 3652 647 3716 Judais
660 3653 822 3718 confecisse
836 3655 989 3718 dicuntur.
1002 3652 1063 3716 Sed
1075 3653 1137 3716 his·

219 3760 283 3820 oria
316 3759 489 3838 accepimus
519 3760 724 3823 Alexandrum
756 3762 883 3842 Libyam
916 3760 1135 3842 explorandam
