2648 4560
500 300 504 307 ·
579 276 737 334 -lr-

194 405 363 467 cavendum
376 411 433 480 est,
448 422 487 468 ne
501 404 598 467 nimie
611 412 747 468 veterum
756 424 869 481 amore,
883 419 1022 487 negatam
1034 409 1117 470 nobis

196 518 330 591 pernotae
345 511 439 576 totius
458 511 520 575 lere
533 512 634 593 Libyae
649 512 772 574 laudem
786 513 847 575 illis
856 515 1044 590 tribuamus;
1060 534 1115 581 nor

195 618 332 700 segniore
357 638 429 682 vero
451 639 523 683 cura
546 619 724 695 cavendum,
741 639 790 699 ne,
812 629 914 684 nostra
940 623 1117 703 experientia

195 727 389 807 exsultantes,
405 728 485 792 inter
499 730 659 793 arctiorem
674 730 768 793 finem
782 737 882 812 patres
895 737 1015 793 nostros
1028 730 1122 793 inclu-

196 834 314 911 damus,
325 836 553 912 contendentes,
568 837 616 900 rel
631 837 773 899 minimas
786 835 967 900 solitudines
985 837 1126 900 exerciti-

197 940 263 1018 bus,
280 943 327 1005 vel
341 940 531 1006 brevissimas
548 962 652 1006 arenas
675 943 814 1021 navibus,
840 962 903 1007 non
929 945 1119 1026 superandos

196 1067 338 1124 carceres,
355 1048 514 1112 obstitisse.
934 1032 937 1039 ’

234 1156 428 1239 Respondent
442 1143 548 1220 omnes
561 1158 679 1241 antiqui
694 1157 875 1240 geograpbi;
891 1159 1054 1240 respondet
1071 1159 1129 1221 Pli-

196 1263 274 1339 nius,
287 1283 350 1327 non
359 1274 478 1328 tantum
493 1270 694 1348 geographus,
707 1268 759 1329 sed
773 1273 888 1329 naturae
898 1265 1026 1328 viventis
1035 1266 1129 1327 inter-

197 1390 282 1451 pres,
299 1391 396 1454 quum
410 1373 553 1437 animalia
569 1375 600 1436 in
624 1375 718 1456 libya
738 1382 884 1450 recenset,
907 1394 975 1455 quae
997 1392 1126 1455 cognos-

196 1496 264 1540 cere
279 1486 360 1540 certe
374 1497 435 1541 non
451 1480 597 1561 potuerit,
612 1480 669 1542 nisi
681 1481 823 1556 Romani,
839 1488 891 1542 aut
905 1479 962 1560 ipsi
976 1479 1125 1560 regiones,

196 1583 309 1665 quibus
321 1602 356 1647 ea
366 1585 492 1667 degunt,
508 1585 677 1662 inviserint,
694 1596 746 1650 aut
758 1606 829 1649 curn
844 1588 954 1650 harum
968 1587 1129 1668 regionum

197 1690 306 1754 incolis
321 1693 540 1785 commercium
556 1693 689 1755 inierint.

236 1800 352 1864 Plinius
365 1801 403 1864 de
415 1821 451 1864 ea
465 1801 560 1864 bestia
571 1801 708 1884 loquitur
722 1822 790 1884 quae
803 1803 974 1884 appellatur
988 1802 1128 1866 rhinoco-

196 1928 255 1973 ros.
281 1909 468 1973 Rhinoceros
489 1917 591 1973 autem
611 1910 644 1971 in
661 1910 783 1972 australi
809 1918 860 1972 aut
879 1911 909 1971 in
934 1910 1128 1991 aequinoxiali

197 2025 315 2080 tantum
329 2018 422 2099 Libya
448 2017 574 2094 habitat,
594 2017 742 2098 frigorum
766 2037 859 2098 quarn
885 2017 1018 2079 maxime
1032 2017 1129 2099 impa-

198 2123 284 2197 tiens,
300 2131 330 2185 et
352 2123 503 2186 rarissime
519 2124 550 2186 in
561 2123 720 2204 hbyssinia
734 2123 894 2203 reperitur.

235 2230 351 2294 Eadem
365 2228 426 2291 lere
436 2229 474 2292 de
483 2229 707 2309 camelopardo.
719 2228 832 2291 Eadem
848 2229 885 2290 de
895 2228 1129 2310 hippopotamo,

197 2335 376 2399 serventium
394 2336 555 2416 regionum
569 2336 679 2398 incola.
691 2334 889 2418 Quiquidem,
899 2337 1003 2400 Nilum
1017 2357 1054 2399 ex
1066 2337 1130 2419 ipsa

197 2443 389 2526 aequinoxiali
408 2452 486 2506 terra
504 2445 655 2506 labentem
672 2442 833 2505 comitatus
849 2462 946 2526 usque
968 2445 998 2504 in
1014 2446 1131 2524 AEgyp-

198 2560 275 2626 turn,
287 2551 343 2614 soli
363 2560 467 2614 nostro
485 2550 624 2613 assuevit.
648 2549 707 2613 Sed
726 2551 884 2632 AEgyptus,
899 2569 961 2612 non
981 2551 1072 2632 longe
1092 2551 1131 2612 ab

198 2659 322 2741 Europe
331 2659 458 2734 distans,
473 2659 572 2721 multo
593 2657 753 2721 fervidiore
772 2657 1001 2720 coelosolvitur.
1017 2658 1130 2719 Verum

198 2765 378 2830 occidentali
392 2767 422 2827 in
436 2786 489 2829 ora
503 2785 653 2848 nusquam
667 2760 752 2847 prius
769 2767 1008 2848 hippopotamus
1023 2784 1132 2844 agnos-

199 2875 277 2938 citur
299 2892 392 2956 quam
411 2873 443 2935 in
463 2872 589 2937 flumine
613 2873 738 2954 Senega.
762 2874 862 2952 Quem
884 2884 985 2935 tamen
1003 2871 1131 2935 ¹Plinius

200 2988 350 3043 memorat
360 2979 491 3060 ingentis
504 2980 604 3043 amnis
613 2983 674 3043 Fut
684 3000 778 3062 aquas
794 2989 959 3042 tenentem.

239 3087 315 3165 Quis
327 3105 390 3149 non
406 3087 543 3167 ingentes
552 3086 665 3160 simias
682 3105 830 3167 gorgones
842 3097 894 3148 aiut
911 3086 1035 3166 gerillas
1052 3087 1131 3166 illas,

199 3194 340 3257 Hannoni
368 3193 456 3267 visas,
480 3193 623 3274 reputat?
650 3194 840 3274 Cltimpenzoe
864 3203 894 3254 et
922 3195 1059 3270 Gorilloe,
1085 3195 1131 3256 isli

198 3301 308 3364 hirsuti
322 3299 474 3375 homines,
489 3301 536 3363 vel
550 3300 655 3381 satyri,
672 3300 788 3362 torrida
802 3319 876 3362 zona
893 3309 1013 3362 tanturn
1024 3302 1133 3363 laetan-

200 3418 262 3485 tur,
279 3429 335 3473 nec
348 3411 426 3472 ultra
440 3408 630 3475 tricesimum
644 3409 773 3488 gradum
788 3409 918 3489 migrare
931 3410 1038 3471 solent.

241 3519 289 3591 ht,
307 3517 386 3579 dicet
402 3517 524 3599 aliquis,
548 3534 641 3597 quarn
656 3516 752 3577 sidem
774 3515 873 3577 Plinio
888 3516 925 3577 de
945 3515 1045 3595 Libyae
1069 3515 1134 3577 ani-

201 3624 334 3687 malibus
354 3625 495 3686 scribenti
513 3623 738 3697 adhibebimus
754 3641 850 3703 quum
881 3629 1066 3685 monstrosas
1088 3622 1131 3683 la-

201 3733 289 3796 bulas
299 3733 484 3814 aggeraverit
497 3732 535 3794 de
549 3732 718 3793 leucroeola
727 3738 780 3792 aut
794 3737 1001 3807 monocerote,
1017 3737 1070 3791 aut
1083 3749 1133 3792 ca-

1011 3841 1029 3897 9
