2648 4560
586 271 746 344 ..lg-

199 413 407 495 acceptissime
415 432 537 484 comes:
553 416 646 483 alters
654 415 850 493 narrationes,
860 416 953 478 altera
961 423 1048 482 testes
1056 435 1127 497 pro·

200 521 293 599 ducit,
306 523 400 590 altera
412 541 472 600 res,
485 524 578 588 altera
593 524 676 587 locos
692 544 700 600 ;
724 524 819 587 altem
832 525 1005 604 sententias,
1034 526 1126 589 altera

199 639 410 706 monumenta,
425 632 465 701 sd
480 632 664 697 evolvendos
684 631 802 712 generis
829 632 956 695 humani
979 633 1125 710 annales,

199 735 325 801 exstruit
338 743 430 816 atquc
443 736 575 803 ordinat.
587 735 668 800 Nihil
677 735 762 804 aliud
774 743 820 799 est
832 736 958 800 historio
967 737 1128 818 ingeogra-

199 843 271 923 phio
284 842 492 926 qusmcivitss
506 845 539 911 in
554 845 640 923 urbm
651 845 744 911 alters
758 844 926 922 deficiente,
938 845 1050 907 moenis
1063 844 1128 926 qui-

197 952 268 1017 dem
281 960 409 1026 exstant,
439 952 500 1019 vito
518 952 737 1034 exstinguitur!
755 952 921 1033 Systemata
937 953 1128 1034 geographiae

197 1057 359 1135 discimus,
381 1061 618 1129 astronomicam
635 1059 852 1141 geographiam
872 1062 1127 1141 contemplamur,

196 1164 372 1231 historicam
386 1168 540 1231 amamus!
558 1168 675 1237 Plinius
688 1175 802 1244 sutem,
817 1187 835 1229 e
848 1185 959 1248 magna
972 1166 1106 1231 Sallustii
1121 1218 1128 1246 ‚

196 1273 284 1354 Livii,
297 1275 391 1341 Taciti
403 1284 505 1357 gente,
521 1277 659 1343 historici
675 1285 776 1358 partes
789 1276 891 1357 gessit.
908 1276 971 1354 Qui
986 1275 1080 1339 libros
1093 1277 1132 1339 de

196 1380 360 1459 Germania
374 1383 590 1450 celeberrimos
604 1389 830 1467 composuerat,
845 1390 961 1453 nature
974 1383 1132 1449 historiam

194 1489 286 1552 nohis
296 1489 431 1576 reliquit.
441 1492 602 1574 Quidquid
615 1495 675 1556 hoe
688 1493 721 1555 in
736 1511 828 1573 opere
840 1499 905 1566 est,
921 1489 1046 1554 historia
1059 1500 1105 1554 cst
1137 1503 1142 1510 '

194 1594 329 1661 historiae
341 1605 414 1661 sunt
426 1598 459 1667 hi
475 1599 544 1663 lihri
555 1619 589 1661 :s
608 1600 727 1676 Quibus
742 1598 941 1661 continentur
955 1597 1040 1676 situs,
1056 1618 1131 1679 gen-

196 1711 251 1780 tes,
266 1705 375 1785 maria,
388 1706 516 1788 oppida,
530 1715 648 1791 portus,
663 1714 793 1781 montes,
810 1706 947 1783 flumine,
961 1724 1111 1770 mensurae

196 1809 304 1891 populi
317 1810 371 1892 qui
383 1821 455 1878 sunt
465 1821 518 1881 aut
532 1812 675 1879 fuerunt!
695 1838 709 1875 s

234 1914 311 1992 Quae
335 1937 432 2000 quum
458 1919 499 1982 ita
518 1919 590 1995 sint,
607 1939 663 1983 nos
677 1921 730 2003 qui
753 1939 815 1983 non
829 1919 931 2003 Libys
951 1919 1082 1984 formam
1096 1939 1131 1984 ac

196 2024 361 2104 ligurama
384 2025 482 2092 Plinio
517 2028 650 2092 cdiscere
676 2028 868 2111 propositum
896 2029 1052 2104 hahemus,
1078 2028 1131 2091 sed

195 2133 365 2214 perspicere
378 2134 454 2217 quid
469 2135 585 2201 notitiae
599 2137 637 2200 de
651 2138 709 2199 hsc
722 2157 831 2201 areana
846 2146 924 2203 terra
934 2134 1061 2201 Romani
1074 2135 1131 2199 sibi

195 2241 414 2323 compararint,
445 2243 602 2312 neminem
627 2244 734 2321 alium,
763 2246 816 2328 qui
841 2264 898 2308 nos
921 2252 1054 2321 moneat,
1079 2253 1131 2308 aut

195 2346 337 2426 pluribus
351 2349 542 2415 documentis
556 2349 751 2428 instructum,
771 2360 824 2414 aut
844 2352 986 2416 varietate
1007 2349 1132 2415 uberio-

194 2473 272 2533 rem,
295 2454 492 2536 reperiemus.
522 2457 638 2521 Plinius
661 2465 768 2521 contrs
784 2467 815 2521 et
837 2458 972 2540 ingenio,
1001 2465 1032 2521 et
1056 2465 1133 2519 tem-

196 2582 270 2643 pore
291 2583 352 2648 quo
368 2564 451 2640 vixit,
475 2565 508 2627 in
530 2566 613 2628 hunc
633 2585 726 2630 usum
746 2566 836 2630 nohis
856 2574 1024 2630 marsius
1043 2564 1135 2629 luisse

197 2674 325 2744 videwr.

232 2784 307 2855 lilihi
319 2792 424 2852 noster
438 2792 568 2867 apparet
582 2793 715 2866 porrecta
728 2785 869 2866 quodem
881 2791 912 2847 et
924 2784 1062 2849 absoluta
1083 2785 1134 2847 ln-

193 2891 275 2972 genii
287 2893 407 2961 romani
427 2892 538 2975 imago.
552 2893 790 2976 Quamcumque
801 2892 946 2975 paginam
959 2892 1133 2974 excipienti,

195 3018 421 3081 quemcumque
436 3000 552 3066 librum
564 3001 715 3065 evolventi
730 3000 928 3069 nranilestum
941 3001 998 3061 erit
1022 3001 1135 3063 lloma-

197 3125 273 3170 num
287 3107 449 3189 scripsisse.
469 3112 588 3184 Quanto
604 3109 711 3171 ardore
725 3108 840 3170 civium
853 3107 1020 3188 patriasque
1034 3107 1137 3170 laudes

192 3215 327 3283 extollitl
349 3223 464 3298 quanta
485 3217 744 3295 injurisuraeoos,
768 3235 787 3277 a
810 3214 923 3295 quihus
949 3221 1013 3276 tarn
1038 3215 1135 3277 multa

194 3330 362 3401 mutuatur,
377 3331 503 3388 conatur
519 3323 655 3386 elersrel
674 3324 778 3401 Quum
792 3322 832 3385 ad
847 3321 1065 3401 agriculturam
1078 3322 1135 3384 de-

194 3432 425 3511 uenit,majores
436 3431 897 3507 suos,reteresillosllomsnos,
908 3437 1135 3511 quentoamore

196 3538 405 3622 prosequitur!
427 3539 520 3602 Periit
533 3539 730 3621 agricultura,
756 3539 808 3600 sed
822 3555 966 3601 romanus
984 3537 1036 3600 ille
1053 3537 1135 3617 agri-

195 3649 322 3712 culturae
334 3666 422 3711 anser
436 3647 468 3709 in
484 3665 614 3709 romano
623 3646 714 3709 Plinii
730 3646 833 3709 animo
847 3665 911 3709 non
925 3645 1023 3727 periit.
1040 3646 1135 3709 Rome

196 3755 275 3818 Deos
289 3754 389 3834 colere
403 3754 554 3830 desuevit;
569 3755 647 3817 Deos
665 3753 771 3816 irridet
783 3753 911 3830 Plinius;
925 3753 978 3815 sed
992 3752 1130 3833 religiosa
