2648 4560
586 276 743 344 ..pp-

199 417 450 486 autemeam,
474 412 583 476 ultima
600 411 633 475 ia
651 409 772 475 Qeano
800 410 921 474 oolonia
945 409 1127 485 allemania

199 521 320 587 eondire
333 520 401 597 suit,
413 519 532 591 caeteris
545 520 585 585 ab
595 538 630 583 ea
639 518 767 591 urbibus
781 519 895 585 liberis.

236 628 322 697 liano
332 629 490 700 verointer
499 639 530 695 et
541 629 689 705 oannem,
702 626 812 699 mediis
825 627 963 706 interris,
978 627 1128 711 oppidum

203 736 356 817 Votodile,
380 739 418 802 ab
438 745 568 822 unaque
589 736 760 810 defensum,
783 735 823 802 ab
845 741 993 819 utraque,
1010 734 1035 803 si
1049 752 1126 816 opus

199 848 298 925 tuerit,
320 867 414 932 quem
433 849 580 917 citissima
593 848 708 919 auxilia
720 852 931 927 arrepturum.
949 844 1038 918 Multi
1049 845 1127 925 jaula

198 956 327 1039 pridem,
343 963 379 1021 nt
391 964 541 1025 memorat
550 956 736 1031 flandriam,
752 956 832 1025 haue
845 956 906 1018 Fer
919 971 984 1017 esse
997 959 1068 1021 sunt
1081 969 1127 1017 er.

197 1065 309 1134 bitrati.
330 1067 417 1135 ulam
429 1073 532 1132 antem
545 1067 686 1137 amarae
699 1083 736 1132 nr
750 1064 852 1131 Hauso
867 1064 898 1129 iu
911 1062 1001 1133 Basra
1018 1081 1127 1142 agnose

197 1175 254 1252 eit;
270 1175 446 1239 sedmelius
460 1177 620 1241 n'druuns
641 1174 674 1237 in
696 1173 830 1248 Goalili,
859 1172 891 1236 in
911 1191 973 1254 quo
991 1171 1127 1239 nominis

198 1283 315 1346 romani
340 1283 481 1366 quadem
504 1291 549 1346 est
578 1281 795 1357 consonantia3
822 1280 886 1349 imo
908 1286 940 1344 et
960 1286 1127 1351 cernuntur

197 1391 346 1455 nonnulla
358 1390 547 1472 antiquitatis
561 1389 696 1470 vestigia.

235 1499 514 1574 enumerentur,
535 1498 687 1581 oppidum
701 1498 799 1574 Salo,
815 1498 870 1561 etsi
886 1506 1035 1580 repugnet
1049 1502 1126 1563 Ges.

196 1607 439 1684 assimilamini
465 1607 603 1687 eiusdem
630 1605 765 1669 nominis
789 1606 980 1686 impositum,
1000 1624 1039 1670 ne
1065 1624 1127 1671 una

195 1715 321 1798 quidem
334 1721 477 1797 corrupta
490 1720 544 1777 aut
558 1713 797 1787 mutataiittera,
813 1712 906 1781 hodio
919 1714 996 1776 Solo
1010 1714 1041 1777 in
1064 1714 1126 1779 ssu-

196 1822 280 1887 mine
292 1823 370 1885 Sala
383 1829 594 1903 nuncupatur.
611 1820 777 1884 lilasutam
791 1821 877 1897 urbs,
889 1821 952 1900 jam
970 1821 1069 1885 vieins
1078 1840 1126 1884 so·

195 1927 1124 2014 litudinibus,indigenis,utcredemest,ineolebatur.0ppide

195 2039 278 2104 enim
293 2055 417 2121 quoque
428 2036 607 2101 dicebantur
621 2037 712 2100 urbes
725 2036 951 2102 Airioanorum.
968 2022 975 2043 '

234 2147 328 2225 Unus,
342 2152 481 2229 utsupra
494 2144 567 2219 dixi,
582 2144 698 2208 Plinius
710 2144 829 2226 Polybii
839 2144 996 2226 Peripium
1008 2145 1123 2218 retulit,

195 2255 249 2318 atsi
266 2271 422 2318 nonanus
443 2252 620 2334 eognovissa
633 2271 669 2322 ao
682 2252 790 2332 legisse
812 2251 959 2317 videatur.
983 2251 1123 2317 Manifes-

194 2372 261 2429 tum
274 2371 319 2426 est
331 2361 415 2424 enim
428 2360 512 2427 Melea
526 2360 762 2442 descriptionem
776 2361 889 2442 legenti
904 2362 987 2424 huno
1001 2379 1126 2442 geogra-

194 2470 291 2550 phum
308 2474 378 2533 ante
400 2466 506 2532 oeulos
520 2468 662 2531 habuisse
680 2468 856 2532 exoeHsntis
878 2466 933 2531 viri
956 2468 1121 2549 Peripium.

194 2578 331 2660 Peripius
353 2585 456 2658 autem
478 2576 609 2656 Polybii,
632 2575 714 2657 apud
736 2574 891 2654 Plinium,
917 2574 991 2638 adeo
1012 2576 1125 2639 obseu-

195 2705 247 2749 rus
273 2692 333 2763 est,
358 2692 392 2748 ut
411 2703 503 2748 nemo
527 2690 597 2746 ante
623 2683 767 2751 Gessaurr
795 2685 879 2775 huno
908 2683 1125 2764 explicandum

195 2792 370 2875 susceperit.
386 2792 441 2856 Vir
453 2799 555 2855 autern
570 2791 631 2866 ille,
646 2790 799 2854 veteribus
813 2789 1045 2866 infensissimus,
1060 2791 1124 2871 ipsa

194 2902 284 2982 hujus
295 2899 476 2964 narrationis
494 2899 678 2962 obscuritate
689 2899 800 2962 abusus
814 2905 869 2974 est,
881 2917 942 2980 qua
952 2915 1124 2980 praesump-

195 3015 256 3071 tem
270 3007 449 3091 opinionem
463 3006 668 3070 confirmaret.
684 3005 791 3069 Finem
804 3012 941 3069 veterum
955 3004 1124 3084 navigatio·

195 3117 285 3181 nibus
297 3116 445 3199 imposuit
457 3117 496 3180 ad
509 3113 755 3197 promontorium
768 3114 931 3192 Bojodor,·
944 3112 1055 3176 omissa
1073 3131 1124 3175 an-

195 3234 257 3288 tem
284 3224 429 3289 itinerum
455 3224 612 3300 distantia,
646 3241 743 3306 quum
776 3229 945 3303 repugnet,
976 3220 1121 3294 adhibita,

72 3354 75 3359 ⁴
195 3349 292 3413 quum
304 3329 456 3409 eonvenit,
470 3338 500 3393 et
517 3329 684 3405 Hannonis,
700 3338 731 3393 et
744 3327 877 3404 Eudoxi,
901 3333 932 3389 et
953 3326 1080 3408 Polybii,
1096 3336 1126 3388 et

194 3439 280 3503 Jubae
293 3441 400 3504 eodem
411 3458 530 3505 earcere
543 3439 759 3522 geographiam
774 3443 902 3501 coercet.

234 3547 292 3611 Sed
301 3549 340 3611 ad
352 3547 454 3631 ipsum
464 3549 621 3629 Peripium
640 3555 837 3612 revertamur.
854 3545 954 3625 Quem
970 3545 1011 3608 ita
1028 3545 1125 3624 expli·

195 3663 243 3718 oat
279 3656 450 3720 Gosssuu:
482 3657 669 3720 Gaditanum
696 3654 826 3731 fretum,
861 3652 963 3715 sinum
993 3652 1122 3730 Sapori,

195 3761 344 3844 oppidum
358 3762 390 3826 in
404 3764 614 3846 promontorio
633 3761 836 3834 Molemoodo,
858 3761 973 3823 flumen
999 3760 1121 3836 Linum,
