2662 4560
637 287 796 348 ..50-

294 417 409 500 Blemyi
424 419 471 481 vel
485 417 667 498 Blemmyes,
688 435 779 498 supra
790 417 965 499 AEgyptum,
981 436 1045 481 non
1058 420 1178 500 longea

255 525 336 601 Nilo,
351 526 383 588 in
399 524 542 589 interiore
563 525 655 606 Libya
675 526 832 605 degebant.
851 524 942 603 Quod
956 526 980 588 si
1001 534 1178 608 reputemus

252 631 372 708 binum,
403 641 437 695 ut
460 633 501 696 ita
523 633 633 707 dicam,
669 632 760 695 fuisse
781 632 905 695 nomine
920 633 1027 715 Nigrin
1041 654 1176 712 amnem,

249 758 346 821 quum
367 740 453 804 Balrr
465 741 492 802 el
505 740 585 815 Ado,
601 738 701 819 Nigris
715 738 850 814 affluens,
866 740 956 822 Niger
968 741 1033 823 ipse
1044 745 1190 824 potuerit

251 846 371 926 naberi3
384 848 537 910 Atlantem
546 865 617 908 vero
629 846 800 928 nuncupari
808 854 945 928 tempore
952 835 1054 927 Plinii,
1071 869 1178 913 omncs

249 951 420 1016 Occidentis
447 962 577 1028 montes,
606 960 742 1034 tempore
767 951 922 1031 Herodoti,
952 974 1058 1017 omnes
1076 955 1178 1036 Libyae

248 1051 378 1139 mentes,
394 1061 579 1142 AEthiopiam
594 1078 653 1142 que
667 1059 779 1123 dictam
794 1059 896 1138 fuisse,
918 1062 1017 1125 Plinio
1041 1071 1176 1137 auctore,

250 1168 430 1245 Atlantiam,
459 1174 550 1248 atque
564 1167 604 1230 ite
618 1185 705 1249 posse
718 1167 864 1244 Atlantas,
879 1187 916 1230 ex
929 1169 1081 1233 Herodoto
1095 1173 1178 1252 apud

181 1298 184 1303 ·
251 1277 384 1342 Plinium
408 1283 603 1351 memoratos,
634 1275 760 1338 cuilibet
787 1275 939 1339 montium
964 1279 1039 1360 jugo
1064 1278 1179 1342 incolas

252 1384 380 1466 imponi,
396 1383 471 1445 nihil
484 1402 540 1445 nos
550 1381 694 1463 impediet
708 1383 783 1464 quin
797 1391 857 1445 tres
869 1383 1025 1447 hossimul
1036 1387 1177 1466 populos,

253 1491 366 1554 scilicet
380 1490 530 1574 Taraleos,
547 1489 704 1554 Ollcalicas
718 1497 748 1552 et
768 1490 904 1554 Atlantas
926 1491 964 1554 ad
978 1490 1132 1555 Orientem
1146 1493 1177 1554 in

252 1599 343 1680 bibya
362 1599 591 1664 constituamus.

163 1701 175 1728 ”
291 1705 328 1769 Ηί
343 1714 444 1769 autem
459 1722 521 1768 non
535 1705 592 1769 soli
606 1712 687 1781 sunt,
703 1704 754 1786 qui
776 1704 808 1766 in
823 1704 977 1774 Orientea
989 1705 1086 1769 Plinio
1111 1726 1179 1769 me-

251 1821 423 1888 morentur;
450 1813 564 1875 etenim
577 1831 696 1874 summa
717 1830 789 1874 cura
809 1812 946 1875 rescribit
973 1831 1079 1876 omnes
1101 1834 1179 1895 quos

251 1921 366 1983 invenit
388 1921 447 1985 Nili
467 1921 587 1984 adcolas
603 1939 610 1983 :
630 1920 771 1996 Nubeeos,
787 1939 919 2003 quorum
932 1939 1046 1985 nomen
1060 1929 1089 1982 et
1103 1922 1179 1984 situs

251 2027 282 2090 in
296 2028 420 2107 regione
429 2027 519 2090 Nube
527 2035 744 2113 agnoscuntur,
753 2027 925 2106 Gymnetes,
937 2045 999 2088 non
1008 2026 1110 2103 iidem,
1122 2030 1176 2090 etsi

251 2136 331 2198 idem
345 2153 456 2198 nomen
485 2141 632 2214 gerentes,
648 2143 738 2216 atque
752 2134 886 2215 Hesperii
900 2135 1073 2214 Gymnetes,
1086 2134 1179 2215 Sym-

251 2244 338 2305 baros
352 2261 387 2305 ac
401 2242 577 2322 Paluogges‚
593 2241 673 2303 intra
686 2241 791 2304 Nilum
802 2250 831 2304 et
854 2250 985 2318 montes,
1013 2242 1177 2304 undecimo

250 2350 310 2412 fere
323 2348 491 2412 latitudinis
505 2350 561 2412 sub
575 2349 670 2429 gradu
683 2349 829 2424 viventes;
850 2349 980 2412 brachas
994 2356 1115 2411 montes
1129 2351 1179 2433 ip·

250 2479 298 2522 sos
316 2459 459 2533 colentes,
475 2456 661 2534 Medimnos,
691 2475 823 2539 quorum
838 2475 952 2518 nomen
966 2466 1099 2520 servetur
1112 2460 1180 2522 Me·

251 2565 351 2640 diceb,
362 2564 546 2644 Megabaros,
568 2563 629 2624 sive
642 2563 818 2638 Adiabaros,
841 2563 1015 2644 inquorum
1052 2563 1177 2625 nornine
1279 2570 1283 2587 '

250 2692 309 2735 vox
330 2671 417 2735 Belrr
432 2689 493 2733 non
510 2669 609 2752 periit.
1018 2676 1021 2680 ⁴

289 2779 422 2859 Longius
449 2777 713 2859 progredientibus
727 2776 836 2840 fabulae
858 2762 980 2841 tantum'
999 2788 1176 2854 occurrunt,

253 2887 429 2968 intorques,
445 2887 499 2948 etsi
514 2884 667 2961 ridiculas,
682 2886 822 2967 quaedam
837 2886 889 2947 lux
903 2885 1036 2948 veritatis
1050 2885 1176 2962 emicat;

252 3014 347 3077 quum
367 2994 449 3056 enim
464 2993 579 3056 Plinius
592 2993 717 3055 scribit:
739 3017 753 3050 «
769 2993 883 3055 Ferunt
897 2999 988 3070 certe,
1001 2992 1038 3055 ab
1054 2991 1179 3054 orientis

252 3109 336 3185 parte
354 3102 470 3176 intima,
493 3109 596 3182 gentes
622 3118 685 3162 esse
713 3100 777 3162 sine
804 3099 938 3178 naribus,
954 3099 1062 3180 aequali
1084 3099 1178 3162 totius

252 3211 312 3273 oris
326 3208 461 3291 planitie,
476 3232 490 3266 n
509 3226 611 3270 nonne
619 3207 798 3283 Hottentoti,
809 3225 877 3269 eam
891 3207 989 3288 ipsam
998 3206 1099 3288 Libyae
1108 3225 1178 3287 par-

254 3325 315 3378 tem
328 3321 475 3391 tenentes,
490 3314 582 3377 iidem
594 3314 694 3377 Plinio
708 3313 846 3376 iaciunt?

292 3428 334 3486 De
348 3421 624 3503 Anthropophagis,
635 3441 711 3502 quos
724 3421 840 3484 Plinius
860 3421 940 3485 inter
952 3422 1074 3501 ¹fabulas
1086 3422 1175 3498 locat,

253 3529 386 3593 mediam
403 3529 527 3609 Libyam
551 3528 734 3602 tenentibus
750 3531 885 3592 multum
904 3530 1095 3609 disputatum
1121 3539 1175 3605 est,

254 3637 334 3699 bisce
348 3636 513 3717 praesertim
526 3635 725 3715 temporibus.
741 3636 828 3700 Nulli
837 3636 945 3716 libyes
959 3636 1024 3698 noti
1045 3645 1127 3712 sunt,
1144 3637 1175 3698 in

255 3745 361 3808 mediis
372 3743 548 3820 terris‚adeo
559 3741 804 3805 ferocesllerum
816 3742 1177 3822 omniumindigenarum
