2648 4560
589 292 748 353 ...er-

198 420 423 497 habitabantur,
441 422 552 502 jugum
574 438 736 484 romanum
763 438 825 482 non
839 422 1002 501 {perpessa
1028 421 1125 484 Plinio

199 546 321 609 quoque
334 534 468 604 auctore,
483 535 601 590 constat
614 546 739 590 romana
751 546 846 602 arma,
863 527 1018 608 primum,
1034 528 1125 592 Clau·

202 631 252 694 dio
264 629 414 713 principe,
429 631 461 694 in
475 632 654 697 Mauritania
668 631 834 695 bellavisse.

237 741 302 806 Stat
334 747 441 806 contra
475 739 652 819 Hispaniam
695 739 811 819 Tiopi,
848 738 973 801 nomine
1008 749 1123 803 servato

199 850 403 930 Tonqer‚qnae
416 845 595 928 impositum
605 845 623 909 a
633 845 808 921 Caesaribus,
824 844 989 909 Caesaribus
1002 849 1121 923 eversis,

198 952 303 1016 servile
318 952 390 1017 Julii
406 969 578 1032 cognomen
598 960 731 1014 aversata
743 951 869 1032 respuit.
889 1006 892 1014 .

235 1058 428 1124 Manifestum
443 1076 566 1140 quoque
582 1065 636 1132 cst,
657 1057 779 1120 nemine
801 1059 985 1135 adversante,
1008 1062 1122 1138 Zilrin,

197 1167 331 1229 Arabum
346 1165 449 1246 lingua
462 1165 575 1229 dictam
589 1184 654 1228 esse
666 1165 802 1228 Azzilio.

235 1272 303 1337 Non
317 1273 400 1335 idern
413 1291 483 1335 vero
494 1273 799 1338 deLicooonsensus.
813 1278 1050 1361 Hodiequidem,
1060 1298 1121 1342 non

196 1381 303 1463 procul
316 1381 334 1442 a
348 1380 450 1460 firmi,
464 1379 579 1442 flumen
595 1379 626 1442 in
640 1399 723 1444 mare
734 1383 878 1462 decurrit,
890 1385 940 1447 oui
955 1402 1068 1447 nornen
1078 1395 1123 1446 est

195 1490 297 1551 Lucos.
319 1486 406 1551 Illius
435 1487 467 1549 in
494 1487 581 1568 ripis..
600 1488 684 1561 urbs,
714 1499 743 1552 et
765 1491 825 1554 situ
853 1501 883 1554 et
907 1493 1120 1572 appellatione,

195 1596 323 1660 coloniae
336 1613 470 1657 romanae
490 1595 658 1658 simillima.
679 1596 827 1660 llamdem
846 1607 948 1662 autem
962 1599 1120 1664 Cornelius

195 1709 305 1786 Nepos,
317 1720 381 1765 non
390 1702 596 1784 aspernandus
610 1712 726 1779 auctor,
739 1706 943 1786 praevalidarn,
955 1707 1121 1786 majorem-

195 1833 255 1896 que
268 1811 448 1891 Carthagine
462 1829 583 1890 magna,
597 1830 634 1874 ex
651 1812 776 1876 adverso
790 1815 855 1892 ejus
868 1814 957 1876 sitam
975 1833 1039 1877 esse
1057 1835 1122 1875 cro-

196 1921 294 1983 debat.
310 1918 426 1983 Plinius
440 1917 576 2000 quidem,
588 1928 623 1981 ut
641 1920 680 1982 ad
696 1920 907 1983 credulitatem
922 1921 1032 2002 saepius
1045 1921 1121 1984 faci-

195 2026 242 2103 lis,
253 2026 426 2107 itaquoque
438 2025 602 2106 aliquando
616 2027 654 2088 ad
674 2026 875 2091 diffidendum
893 2047 1024 2109 pronae,
1049 2029 1121 2093 Cor-

194 2133 311 2196 nelium
334 2132 482 2213 Nepotem
503 2131 632 2195 affrrmat
646 2133 739 2196 fidem
757 2134 932 2197 Graecorum
955 2134 1121 2197 mendaciis

194 2240 375 2305 adhibuisse.
393 2238 452 2302 Sed
460 2239 543 2319 apud
556 2238 738 2302 Hannonem
752 2240 864 2320 legitur
873 2241 988 2320 flumen
995 2242 1118 2317 Lixum,

194 2350 273 2412 ultra
305 2348 449 2409 Soloeato
469 2347 718 2429 promontorium
743 2347 955 2428 navigantibus
977 2349 1117 2421 inveniri,

195 2456 348 2536 ingentem
357 2472 489 2517 amnem.
506 2455 603 2516 Licus
622 2462 726 2519 autem
738 2463 840 2518 noster
854 2457 999 2537 parvulus
1017 2465 1062 2518 est
1076 2458 1120 2518 ri-

194 2582 258 2637 vus,
275 2561 512 2642 pluviistantum
527 2569 557 2623 et
570 2561 729 2641 procellis,
744 2562 926 2624 torrentium
941 2562 1052 2636 modo,
1070 2563 1120 2623 in-

194 2670 313 2732 terdum
329 2668 462 2758 inflatus.
480 2668 624 2730 Praeterea
639 2666 729 2729 refert
747 2667 856 2731 Hanno
880 2668 1000 2728 licitos
1018 2687 1050 2730 se
1064 2669 1120 2729 ab·
1177 2719 1184 2733 .

194 2775 372 2856 duxissequi
381 2774 989 2856 AEthiopumlinguaminterpretarentur.
1000 2774 1120 2852 Quanto

194 2893 296 2947 autem
307 2883 423 2955 itinere,
437 2881 461 2944 si
471 2891 610 2945 nostrum
620 2884 731 2945 birrum
739 2882 946 2956 incoluissent,
958 2883 996 2945 ab
1006 2883 1121 2946 AEthio-

195 2991 285 3072 pibus
311 2989 492 3067 abluissent!
510 2989 626 3071 Scylax,
643 2990 719 3053 duos
742 2991 879 3070 ejusdem
903 2990 1036 3054 nominis
1060 3009 1123 3053 am·

195 3118 249 3162 nes
271 3105 431 3161 memorat.
450 3097 519 3178 lpse
540 3097 672 3179 denique
699 3097 824 3175 Plinius,
849 3097 972 3172 inscius,
1002 3097 1123 3161 duobus

195 3204 295 3288 operis
307 3203 393 3280 locis,
409 3203 446 3266 de
459 3212 589 3284 utroque
603 3205 695 3268 fluvio
710 3204 856 3285 loquitur,
872 3204 935 3284 qui,
952 3223 1022 3265 mox
1034 3205 1123 3284 Poly-

195 3312 283 3375 bium
304 3313 557 3386 secutus,Licom
579 3311 659 3373 inter
676 3330 791 3388 amnes,
812 3329 939 3374 romano
956 3312 1121 3392 navigatori

196 3419 275 3482 visos
288 3426 479 3481 annumerat.
495 3417 574 3481 llinc
595 3417 672 3479 mihi
695 3426 729 3480 ut
747 3417 871 3493 multis,
892 3426 926 3479 ut
939 3417 1073 3493 Kaown,
1090 3427 1124 3479 ut

196 3526 327 3599 Munera,
344 3535 378 3588 ut
391 3525 544 3602 lllauunrr,
560 3535 594 3589 ut
615 3526 734 3606 Kuuoa,
752 3544 814 3588 non
835 3523 964 3588 dubium
984 3535 1028 3587 est
1048 3525 1124 3586 duos

196 3633 278 3712 apud
292 3639 404 3694 veteres
417 3633 553 3711 ejusdem
572 3614 717 3710 nominis,
732 3634 797 3714 ipso
815 3633 915 3695 forsan
930 3633 1080 3693 viatorum
1095 3640 1125 3692 et

197 3748 358 3802 nautarum
372 3758 484 3817 errore,
500 3739 590 3803 fuisse
609 3760 723 3806 amnes.
741 3742 798 3804 alii
811 3741 984 3803 inferiorem
998 3740 1122 3814 licum,
