2648 4560
615 277 770 346 ..alm

226 412 337 478 dentali
350 415 380 477 in
391 433 444 478 ora
452 413 559 478 Africae
572 413 734 494 surgentia.
753 415 811 478 Sed
823 415 847 476 si
860 416 987 480 Romani
1000 423 1150 482 noverunt

226 522 306 585 unde
319 522 455 604 incipiat,
465 522 515 583 vix
529 521 630 603 ipsum
643 530 803 599 noverunt,
812 541 869 586 nec
878 527 1150 588 extremasradices

224 628 348 692 definire
359 636 557 693 tentaverunt.
569 627 658 692 Plinii
669 629 902 710 descriptionem
910 631 1149 715 legenti,quam-

222 733 266 796 vis
279 735 340 814 iam
355 734 517 798 Suetonius
531 735 685 799 Paullinus
698 754 782 799 arma
796 738 874 800 ultra
886 737 1032 815 intulerit,
1050 759 1147 823 appa·

220 842 298 904 rebit
317 843 387 924 plus
401 843 498 906 inesse
510 842 683 907 fabularum
697 861 790 925 quarn
805 843 946 909 veritatis.

260 949 321 1013 Nos
330 969 453 1033 quoque
469 948 560 1013 hodie
574 949 696 1013 Atlanta
710 951 858 1029 majorem
878 959 908 1013 et
922 951 1074 1015 minorem
1095 954 1145 1016 di-

218 1056 327 1121 cimus.
339 1058 421 1137 Quid
433 1058 558 1137 mirum,
572 1059 597 1121 si
609 1058 725 1141 antiqui
740 1059 937 1140 navigatores,
948 1061 1141 1149 utPolybiup,

217 1164 337 1228 Atlanta
345 1165 562 1247 appellaverint
571 1183 677 1228 omnes
687 1165 904 1228 excelsissimos
917 1174 1046 1242 montes,
1066 1187 1143 1250 quos

218 1270 249 1334 in
264 1271 443 1336 occidentali
458 1270 582 1354 Libyae
602 1272 729 1336 navibus
743 1271 962 1354 conspicerent.
992 1275 1036 1338 Ne
1050 1275 1143 1356 igitur

215 1398 287 1442 cum
312 1380 458 1444 Gossunn
485 1381 717 1458 contendamus
741 1379 766 1440 si
780 1378 923 1459 Polybius
941 1381 1061 1444 Atlanta
1077 1402 1141 1445 esse

215 1484 292 1549 inter
300 1487 480 1568 Hesperium
487 1485 734 1567 promontorium
745 1493 775 1548 et
787 1495 847 1546 θεῶν
857 1490 946 1568 ὅχημκ
959 1486 1138 1568 prodiderit,

213 1594 373 1675 Polybium
399 1612 461 1657 non
475 1596 555 1657 ultra
576 1595 714 1674 Bojcdor
734 1594 825 1658 fuisse
844 1613 1057 1676 progressum
1086 1597 1139 1659 sed

212 1710 327 1776 contra,
358 1710 392 1764 ut
412 1702 554 1785 apparuit
575 1701 719 1765 omnibus
741 1696 899 1765 Hannonis
923 1702 1138 1784 interpretibus

211 1808 319 1871 binum
331 1804 422 1869 fuisse
434 1808 517 1889 apud
530 1814 644 1870 veteres
657 1808 784 1871 nomine
799 1801 911 1870 licum
923 1825 1046 1870 amnem
1068 1807 1138 1890 (nec

210 1915 335 1989 mirum,
350 1931 449 1996 quum
470 1922 580 1990 nautae,
596 1914 706 1976 moniti
731 1915 824 1977 fluere
838 1914 885 1977 his
909 1913 942 1977 iu
961 1913 1136 1994 regionibus

208 2041 330 2085 amnem
340 2021 538 2101 magnificum
550 2021 670 2098 Lixum,
691 2040 727 2086 eo
738 2023 865 2085 nomine
876 2022 1014 2103 ingentes
1030 2043 1136 2086 amnes

208 2148 285 2211 quos
300 2127 622 2211 praeternavigaverunt
636 2147 744 2191 ornare
759 2129 933 2211 sueverint),
957 2129 999 2192 ita
1012 2149 1135 2212 quoque

207 2235 400 2313 arbitremur,
419 2243 499 2298 ratos
515 2218 644 2299 Atlantis
665 2235 781 2299 radices
797 2255 893 2318 usque
917 2237 956 2299 ad
976 2256 1060 2300 mare
1079 2257 1134 2300 ex·

205 2343 299 2419 tendi,
314 2343 436 2407 cosdem
450 2343 553 2406 omnia
564 2343 638 2424 juga
651 2363 720 2426 quae
734 2343 1133 2425 conspiciebant‚dtlantem

205 2451 360 2514 salutasse.
381 2451 561 2526 lmoduees,
577 2460 612 2513 ut
635 2450 809 2526 Colombus,
832 2451 958 2513 classem
976 2450 1008 2513 in
1028 2452 1131 2532 ignota

204 2558 331 2620 omnino
344 2558 446 2621 littora
458 2558 652 2634 abducentes,
667 2557 714 2620 his
724 2557 825 2620 forsan
838 2557 1016 2621 nominibus
1027 2557 1131 2623 fallere

202 2664 328 2728 comites
338 2665 534 2746 cogebantur,
557 2674 602 2740 ut,
617 2665 708 2746 longe
730 2664 768 2726 ab
789 2664 863 2726 lixo
886 2672 916 2726 et
942 2665 981 2727 ah
1009 2665 1130 2730 Atlante

200 2773 297 2837 ventis
309 2772 437 2854 abrepti,
454 2771 490 2834 iis
503 2771 627 2835 assuetis
642 2770 767 2833 vocibus
778 2778 904 2851 spernet
915 2770 1062 2835 fiduciam
1076 2772 1128 2834 in-

199 2881 287 2942 certis
301 2897 335 2941 ac
349 2878 529 2960 paventibus
542 2878 711 2940 redderent.

235 2985 308 3051 Mihi
324 2982 415 3065 igitur
429 2984 630 3047 consideranti
645 3001 752 3046 omnes
766 2982 895 3047 Atlantis
909 2983 1127 3073 descriptiones

152 3104 154 3109 ’
196 3094 277 3177 apud
298 3093 449 3175 antiquos,
472 3092 582 3155 fabulis
598 3110 717 3174 semper
735 3090 856 3166 mixtas,
871 3091 960 3154 certis
973 3098 1126 3160 mensuris

194 3220 313 3284 semper
330 3208 476 3274 carentes,
497 3199 650 3283 reputanti
666 3205 772 3260 nautas
786 3205 904 3260 secutos
922 3197 1054 3261 Africam
1069 3221 1124 3265 oc²

193 3306 384 3381 cidentalem,
400 3305 454 3368 ubi
474 3305 617 3368 desierint
636 3305 765 3388 Atlantis
784 3303 901 3367 radices
915 3303 1054 3385 ignorare
1067 3327 1124 3389 poe

193 3415 294 3490 tuisse,
309 3413 356 3476 vel
369 3412 409 3475 ad
419 3412 562 3488 itinerum
576 3411 768 3475 securitatem
787 3410 914 3474 comites
929 3431 1000 3476 suos
1020 3431 1057 3476 ex
1075 3415 1122 3477 in-·

192 3521 306 3586 dustria
330 3520 430 3584 forsan
457 3518 606 3595 fefellisse,
621 3498 817 3581 mafrifestum
845 3524 890 3580 est
914 3535 979 3581 non
1002 3528 1120 3583 certum

191 3638 418 3693 montemcerto
428 3625 460 3688 in
468 3627 537 3689 loco
546 3632 677 3688 stantem
688 3626 747 3687 hoe
760 3623 1118 3705 nominedesiffnamsed
1235 3651 1238 3657 ¹

192 3735 254 3801 fere
275 3754 381 3800 omnes
394 3731 589 3797 occidentalis
610 3730 718 3795 Africae
731 3738 860 3794 montes.
877 3728 956 3793 lliuc
973 3730 1117 3813 Polybius
