2648 4560
595 284 754 344 -45..

582 577 703 643 CAPUT
722 577 762 643 Il.

421 784 459 831 ur
479 783 599 830 nouum
619 764 716 830 chvu
736 785 927 831 concurrum.

250 981 462 1045 Remotissima
475 989 580 1058 aetate,
603 981 700 1047 Graeci
717 981 943 1062 septentrionali
957 980 1058 1063 Libyae
1075 999 1137 1043 orae

211 1087 347 1151 colonias
359 1090 582 1172 imposuerunt,
598 1090 630 1152 in
642 1108 677 1153 ea
688 1089 856 1171 praesertim
868 1096 965 1170 parte,
984 1108 1053 1171 quae
1066 1087 1140 1170 syr.

212 1190 293 1254 tibus
306 1192 440 1273 adjacet3
465 1195 497 1257 in
518 1193 667 1258 fertilibus
687 1193 858 1275 Cyrenaicae
875 1193 963 1256 terris
984 1211 1138 1256 commer-

212 1296 341 1361 eiacum
355 1298 504 1381 indigenis
512 1299 719 1374 instituerunt,
730 1306 760 1360 et
769 1296 822 1376 ita,
846 1298 921 1382 dpm
933 1303 1033 1361 essent
1046 1295 1140 1359 scien-

212 1403 263 1465 tiae
282 1422 401 1485 semper
415 1405 590 1482 avidissimi,
601 1407 750 1469 nonnulla
764 1405 949 1469 documenta
961 1405 1000 1467 de
1016 1402 1139 1467 interio

212 1510 297 1573 ribus
311 1511 397 1574 terris
409 1512 467 1574 sibi
481 1520 742 1593 comparaverunt.

254 1620 424 1683 Alexander
447 1620 580 1683 victoriis
597 1622 762 1703 AEgyptum
783 1621 918 1704 aperuit,
939 1618 993 1682 ubi
1011 1636 1140 1700 graecam

213 1744 282 1788 vere
294 1726 402 1788 urbem
421 1725 635 1790 alexandriam
648 1727 794 1789 condidit.
812 1727 893 1805 Mox,
908 1725 1077 1789 Ptolemaeis
1089 1743 1141 1787 re-

213 1835 386 1914 grantibus,
392 1837 517 1915 junctus
524 1853 596 1897 cum
605 1834 674 1900 Nilo
681 1835 958 1912 ArabicusPontus,
967 1832 1142 1899 Mediterra-

213 1941 262 2002 nei
279 1940 372 2005 maris
398 1940 492 2022 ipsius
518 1941 604 2023 quasi
625 1942 709 2004 sinus
735 1941 843 2023 patuit.
868 1940 955 2003 Tunc
975 1939 1079 2003 omnia
1103 1938 1142 2001 ad

214 2047 366 2112 Orientem
382 2048 484 2111 littora
498 2049 677 2129 perlustrata
690 2056 771 2111 sunt.
781 2048 934 2129 llruptum
949 2054 994 2110 est
1010 2046 1043 2108 in
1060 2045 1142 2110 Indi-

214 2174 441 2220 cumcceanum
454 2158 617 2238 quemjam
631 2157 842 2237 navigaverant
851 2155 1011 2219 Alexandri
1022 2154 1140 2234 classcs3

215 2264 373 2347 Graecique
386 2284 418 2328 se
430 2264 663 2328 immiscuerunt
675 2264 749 2327 huic
760 2262 945 2327 commercio
953 2280 1143 2345 quosemper

216 2372 370 2434 orientalis
383 2371 476 2452 Libya
489 2380 520 2435 et
536 2371 634 2451 lndia,
650 2362 733 2436 certo
747 2380 909 2435 ventorum
923 2373 1006 2446 llatu,
1023 2370 1143 2434 sociatae

216 2487 296 2542 sunt.
314 2480 393 2543 ilinc
413 2487 486 2543 nota
496 2480 651 2543 orientalis
662 2479 766 2561 Libya,
777 2497 814 2542 eo
821 2478 917 2560 magis
926 2479 1020 2560 quod,
1031 2496 1066 2541 ea
1079 2477 1144 2559 ipsa

195 2628 198 2633 -
216 2587 391 2651 commercii
405 2588 591 2664 necessitate,
608 2607 692 2669 reges
705 2587 860 2651 Ptolemaei
868 2606 964 2665 arma,
979 2605 1033 2649 seu
1041 2584 1119 2647 mari
1132 2632 1143 2663 ,

216 2685 270 2758 se‘u
283 2703 372 2771 terra,
388 2715 482 2778 quam
497 2695 751 2778 longinquissima
763 2694 910 2758 tulerunt.

256 2803 302 2868 lta
329 2804 506 2868 Graecorum
525 2820 653 2866 munere
670 2801 916 2885 septentrionalis
933 2808 964 2864 et
990 2798 1145 2864 orientalis

216 2907 316 2990 Libyae
329 2908 512 2992 geographia
530 2908 668 2990 profecit.

256 3017 459 3099 Reliquavero
465 3036 534 3098 pars
543 3034 702 3080 romanam
709 3034 802 3097 penes
810 3015 932 3079 landem
940 3022 994 3092 est,
1003 3033 1066 3080 non
1074 3017 1146 3100 quia

217 3121 307 3201 primi
322 3122 451 3185 Romani
471 3124 525 3185 has
539 3130 633 3185 terras
646 3114 834 3199 inviserunt',
854 3140 952 3204 quum
965 3122 1088 3187 credere
1107 3125 1146 3188 sit

216 3227 323 3291 Poencs
336 3235 366 3291 et
376 3227 571 3293 Occidentem
597 3238 627 3293 et
643 3230 799 3294 interiores
827 3238 921 3292 terras
942 3229 1033 3294 latius
1050 3249 1146 3312 pene-

216 3342 309 3398 trasse
331 3355 425 3420 quam
444 3337 574 3400 Romani
592 3356 729 3419 unquam
750 3336 877 3418 ingressi
894 3346 981 3418 sunt;
996 3339 1049 3401 sed
1062 3339 1143 3420 quia,

216 3442 325 3506 dirutis
336 3460 447 3506 eversae
467 3443 656 3526 Carthaginis
682 3444 842 3507 annalibus
869 3451 899 3507 et
924 3445 1142 3526 monumentis,

101 3542 106 3551 ’
218 3548 382 3613 Poencrum
396 3551 530 3613 haeredes
543 3551 672 3613 Romani
686 3569 817 3615 evasere.

254 3654 391 3717 Romana
404 3653 436 3715 in
449 3653 541 3735 Libya
555 3656 739 3738 geographia
753 3664 916 3738 prorogata
926 3665 971 3720 est
980 3656 1145 3738 navigatio-

216 3760 318 3837 nibus,
338 3759 496 3823 itineribus
510 3768 539 3822 et
553 3762 760 3837 commerciis;
784 3763 1026 3844 navigationibus
1039 3783 1100 3826 orae
1112 3771 1142 3828 ct
