2648 4560
586 293 745 353 ..53-

246 421 277 479 2⁰
298 417 350 481 Isti
372 437 442 481 vero
464 417 712 482 Hammanientes
732 420 848 484 nemini
872 424 928 486 nisi
948 426 1047 489 Plinio
1064 446 1131 490 me·

205 533 379 605 rnorantur3
393 526 482 591 multi
498 535 682 589 censuerunt
696 545 747 590 eos
762 529 942 594 rimantibus
956 531 1063 610 Solini,
1079 544 1131 597 aut

204 631 397 715 iterantibus
423 631 577 707 Herodoti,
607 634 801 714 respondere.
832 635 1062 718 Supervacuum
1086 648 1131 702 est

204 738 360 800 ostendere
374 757 467 820 quarn
480 737 604 801 difficile
617 740 682 801 haec
696 739 802 821 opinio
817 761 888 805 oum
902 744 1025 808 veritate
1037 745 1131 827 possit

202 862 380 923 congruere,
398 845 573 923 conjectura
586 852 717 921 tanturn,
733 847 828 910 nullis
841 849 1033 929 testimoniis,
1046 852 1130 914 nulla

203 953 400 1016 consonantia
414 954 591 1034 approbata.

242 1061 352 1124 Contra
365 1061 401 1136 si,
412 1060 510 1123 Plinio
525 1060 661 1137 fidentes,
675 1081 692 1124 a
708 1061 856 1125 Phazania
870 1063 926 1126 iter
940 1065 1079 1146 capimus
1091 1069 1130 1131 ad

202 1168 400 1245 occidentem,
418 1168 637 1231 interdesertas
649 1177 740 1252 atque
754 1170 853 1232 aridas
875 1172 1014 1252 regiones
1038 1174 1130 1237 devo-

202 1279 302 1339 nimus
310 1278 349 1339 ad
362 1276 467 1338 Ousire
480 1275 621 1352 fertilem,
633 1295 700 1358 quae
711 1276 826 1352 debuit,
838 1287 868 1341 et
882 1286 1017 1360 tempore
1027 1281 1127 1358 Plinii,

201 1384 382 1465 quibusdam
398 1384 616 1447 Garamantum
629 1383 771 1464 gentihus
780 1383 884 1462 incoli,
900 1387 949 1449 oui
964 1406 1076 1451 nomen
1086 1397 1129 1451 est

137 1472 142 1484 ’
201 1490 429 1555 Horrrmodudn
442 1499 569 1572 utraque
592 1510 666 1554 voce
683 1491 769 1554 radix
783 1495 929 1569 Hammo,
945 1514 1013 1576 quaa
1033 1495 1129 1578 signi-

200 1599 269 1661 licat
282 1598 413 1661 fertilem
423 1598 572 1661 mediisin
583 1597 681 1662 arenis
695 1606 816 1664 terram.
830 1601 895 1663 Vox
910 1601 1001 1682 igitur
1012 1608 1042 1665 et
1055 1601 1129 1663 situs

201 1707 369 1769 invitabant
388 1713 422 1768 ut
439 1705 687 1769 Hammanientes
703 1708 880 1769 Hammodo
902 1707 1016 1770 incolas
1039 1727 1131 1788 repu-

200 1823 341 1877 taremus
351 1813 507 1876 Eccevero
518 1815 627 1894 legenti
636 1813 878 1876 recentissimum
889 1815 1127 1880 doctoriannru

199 1941 286 2003 opus,
303 1921 444 2002 apparuit
460 1938 532 1983 eum
553 1920 584 1983 iu
602 1921 666 2002 ipsa
679 1922 853 1983 Hammodo
872 1920 996 2001 vestigia
1011 1922 1126 1984 Rorna-

198 2045 309 2088 norum
324 2025 483 2104 invenisse,
494 2027 617 2089 ruinosa
626 2033 838 2102 monumenta,
848 2046 980 2108 quorum
995 2028 1127 2109 descrip-

199 2131 313 2193 tionem
331 2151 367 2194 ac
384 2131 618 2196 delineationem
634 2132 719 2195 libris
742 2132 805 2196 suis
823 2133 986 2214 inscripsit.
1007 2134 1125 2199 Certant

199 2240 290 2319 igitur
303 2240 586 2304 Hammanientihus
609 2241 802 2304 restituamus
825 2243 937 2305 sedern.
958 2242 1033 2318 Vox,
1049 2243 1126 2306 situs

197 2355 437 2410 acmonumenta
452 2349 493 2431 (id
519 2357 564 2411 est
577 2348 727 2431 quidquid
753 2356 851 2429 potest
871 2349 1028 2411 historiam
1051 2368 1124 2411 con-

198 2452 328 2535 firmare)
344 2473 415 2516 cum
424 2455 551 2518 Romani
562 2455 716 2534 scriptoris
727 2454 898 2517 narratione
917 2455 1032 2536 optime
1045 2475 1122 2518 con-

197 2560 331 2623 veniunt.
724 2562 727 2567 ’

237 2669 430 2750 Disputatum
452 2679 497 2733 est
523 2689 599 2733 num
631 2669 746 2750 ungite
771 2672 965 2735 Garamantes
992 2673 1122 2735 habendi

196 2777 265 2839 sint.
280 2777 412 2853 Etenim,
426 2777 450 2840 si
464 2786 578 2841 veteres
591 2794 698 2840 omnes
712 2777 750 2839 de
768 2776 1049 2841 Hammanientibus
1074 2788 1120 2842 ta·
1180 2816 1190 2839 .

196 2892 335 2960 ouerunt,
344 2883 405 2946 iere
418 2904 524 2947 omnes
534 2884 571 2946 de
579 2884 697 2965 Augilis
706 2892 776 2946 sunt
786 2883 895 2959 locuti;
912 2903 1018 2947 omnes
1028 2886 1120 2950 feram

195 3001 327 3073 gentem,
337 2991 562 3075 inhospitalem,
572 3010 711 3072 rapacem
719 3011 754 3054 ac
762 2991 899 3071 fugacem
907 2992 1119 3073 depinxerunt,

195 3098 310 3162 sabulos
323 3118 393 3161 vero
414 3099 451 3162 de
465 3099 502 3160 iis
522 3118 558 3162 eo
573 3098 807 3181 prodigiosiores
826 3109 1010 3180 aggerantes,
1028 3121 1120 3183 quoe

193 3206 408 3288 longinquiore
421 3215 647 3289 cognoscerent.

233 3316 360 3395 Augilae,
384 3314 427 3376 ait
450 3316 566 3378 Plinius
589 3316 690 3379 medio
715 3316 776 3379 iere
797 3316 894 3399 spatio
918 3318 1057 3381 locantur
1081 3321 1119 3382 ab

195 3421 356 3502 AEthiopia,
373 3441 441 3502 quae
459 3418 498 3484 ad
511 3423 700 3486 occidentem
714 3423 820 3505 vergit,
841 3431 871 3486 et
884 3442 902 3486 a
914 3424 1037 3504 regione
1052 3444 1120 3505 quae

194 3530 267 3591 duas
282 3529 382 3609 Syrtes
396 3529 561 3610 interjacet,
579 3530 643 3612 pari
658 3529 812 3612 utrimque
826 3530 993 3594 intervallo.
1010 3555 1025 3591 a

233 3636 322 3713 Quod
350 3636 374 3697 si
400 3636 490 3698 Plinii
519 3638 611 3700 verbo
638 3639 810 3713 credamus,
840 3640 973 3701 multum
994 3639 1118 3720 quidem

194 3739 351 3816 lallarnur;
368 3741 536 3823 veritasque
551 3762 645 3821 nunc,
661 3752 695 3806 ut
707 3745 826 3825 saepius,
845 3746 936 3807 altius
956 3746 1119 3827 repetenda
